,trade_id,ticker,count,created_time,yes_price,no_price,taker_side
0,e7aefcae-de5e-4770-9f09-aab771db677a,PROLLS-23MAR-T0,39,2023-04-07T12:18:35.061031Z,99,1,yes
1,4b2bff68-13e9-4e6b-9404-1118341798c0,PROLLS-23MAR-T0,864,2023-04-06T20:24:00.060279Z,99,1,yes
2,7ce351ea-01ad-49fb-9ade-0ac6169b1b17,PROLLS-23MAR-T0,25,2023-04-06T01:23:17.065107Z,98,2,yes
3,76037004-02de-4bbd-8ef9-2eded47204a7,PROLLS-23MAR-T0,5,2023-04-02T18:32:54.041448Z,97,3,no
4,db4e6bcf-ac0d-4f09-ae6f-849fe4df4e3f,PROLLS-23MAR-T0,5,2023-04-02T17:46:21.550807Z,97,3,no
5,411f275e-d6b2-4be1-83c2-e7b6f13b4bd5,PROLLS-23MAR-T0,5,2023-03-25T16:34:11.445798Z,97,3,yes
6,48d63cce-bfd2-4487-ad4c-50b81664a328,PROLLS-23MAR-T0,5,2023-03-25T02:42:31.953234Z,96,4,yes
7,75f70adb-b7a1-44b7-8642-b697c0a24e01,PROLLS-23MAR-T0,5,2023-03-24T13:04:21.853479Z,95,5,yes
8,22ca1d7d-a5c7-4fd0-805b-b44dda9fc253,PROLLS-23MAR-T0,16,2023-03-24T13:04:21.853479Z,94,6,yes
9,a79424ec-4917-4aaa-94d8-5ab6e745fa9d,PROLLS-23MAR-T0,9,2023-03-23T22:04:40.766582Z,93,7,yes
10,95255ac9-bc47-41bf-97bd-5d46977c7750,PROLLS-23MAR-T0,5,2023-03-23T12:36:10.247719Z,93,7,yes
11,3a4e8ff5-420c-4184-bb36-07e6a7d1a4df,PROLLS-23MAR-T0,1,2023-03-22T22:18:39.939081Z,93,7,yes
12,984ffe7d-76e9-4fa9-b865-8c96d16b7f61,PROLLS-23MAR-T0,1,2023-03-21T02:46:58.615812Z,92,8,yes
13,72a0b4a9-35d9-48cf-9a6a-57f8fcc25a16,PROLLS-23MAR-T0,1,2023-03-20T21:03:16.538287Z,87,13,no
14,89206e27-5165-4543-82b8-c0905a26c7e7,PROLLS-23MAR-T0,38,2023-03-15T21:41:39.200139Z,89,11,yes
15,7023b3fb-10cd-45aa-8b4a-490bb3530fb2,PROLLS-23MAR-T0,25,2023-03-14T21:23:51.613035Z,88,12,yes
16,1bc5d8f3-1349-495e-b9ff-14a2a841cce1,PROLLS-23MAR-T0,2975,2023-03-14T21:23:51.613035Z,85,15,yes
17,c9b87054-a4c3-4f7b-a195-28ec88cf24e8,PROLLS-23MAR-T0,50,2023-03-14T13:27:59.898071Z,85,15,yes
18,14ac343d-a6e2-467d-8e31-31691312d1f8,PROLLS-23MAR-T0,50,2023-03-14T13:27:25.777786Z,85,15,yes
19,7f5d7e8f-afbd-422a-9de7-19b2e6c60449,PROLLS-23MAR-T0,50,2023-03-14T13:27:09.867946Z,85,15,yes
20,842b707a-382a-40db-97b6-d702b0ade61d,PROLLS-23MAR-T0,1,2023-03-14T13:12:29.059362Z,85,15,yes
21,d7a9e2c3-2f23-4eff-912a-da61990b172c,PROLLS-23MAR-T0,5,2023-03-10T22:01:55.97161Z,80,20,no
22,bb3a22a8-993d-4039-9270-931fcb0c68f0,PROLLS-23MAR-T0,13,2023-03-10T21:00:44.936275Z,89,11,yes
23,7f13303a-b854-4755-8b28-720982db3baf,PROLLS-23MAR-T0,1,2023-03-10T21:00:08.397728Z,72,28,no
24,dd8b7f77-14dd-46f1-b983-abc1dc7b725f,PROLLS-23MAR-T0,200,2023-03-10T16:05:12.691671Z,12,88,yes
25,d13066a7-5428-4304-a492-4acb124cf109,PROLLS-23MAR-T0,140,2023-03-10T16:05:12.691671Z,11,89,yes
26,4324e471-cf98-4d14-a790-9d1f26a5540c,PROLLS-23MAR-T0,200,2023-03-10T16:05:12.691671Z,13,87,yes
27,65fc6db1-2008-42a8-beee-809408dabedc,PROLLS-23MAR-T0,200,2023-03-10T16:05:00.372456Z,11,89,yes
28,57b1df0e-5799-4cfd-8020-f6ef1f50d8c9,PROLLS-23MAR-T0,200,2023-03-10T16:05:00.372456Z,10,90,yes
29,096ac4a8-749d-4a93-ab9d-065ace5a2a1c,PROLLS-23MAR-T0,200,2023-03-10T16:05:00.372456Z,9,91,yes
30,bfeb2aa3-1fda-424a-b7f5-033b8c770755,PROLLS-23MAR-T0,200,2023-03-10T16:04:34.5935Z,6,94,no
31,ad4f9126-be1f-456f-a0d3-ddb795277f61,PROLLS-23MAR-T0,200,2023-03-10T16:04:34.446834Z,7,93,yes
32,31522605-dda9-4913-896e-611d1615441e,PROLLS-23MAR-T0,200,2023-03-10T16:04:31.215325Z,5,95,yes
33,1011cfb6-5488-4bc8-b9c3-0e94791e06ec,PROLLS-23MAR-T0,200,2023-03-10T16:04:31.215325Z,6,94,yes
34,5b738e19-2ec5-4eb2-80af-67bd5337e774,PROLLS-23MAR-T0,200,2023-03-10T16:04:15.385255Z,3,97,yes
35,2fa2e5ab-4052-4599-8a5f-15becc8ecde0,PROLLS-23MAR-T0,200,2023-03-10T16:04:15.385255Z,5,95,yes
36,2d168f6f-878a-49bc-af46-6c73c15a3010,PROLLS-23MAR-T0,200,2023-03-10T16:04:15.385255Z,4,96,yes
37,beead1f7-790b-4ed3-bfa8-1e4a2ec11a19,PROLLS-23MAR-T0,200,2023-03-10T16:04:01.648679Z,3,97,yes
38,87073fec-3171-4b67-8c0b-73c845b0a315,PROLLS-23MAR-T0,200,2023-03-10T16:04:01.648679Z,4,96,yes
39,2c2f6848-88e9-47e5-97bd-3cb8a2ce3beb,PROLLS-23MAR-T0,195,2023-03-10T16:04:01.648679Z,2,98,yes
40,15704375-be61-4a3e-8288-e8c8b750cb0b,PROLLS-23MAR-T0,5,2023-03-10T16:00:19.83181Z,2,98,yes
41,4f4198ae-5996-401a-8d97-e79025989165,PROLLS-23MAR-T100000,9,2023-04-07T12:11:39.715064Z,94,6,yes
42,755b7856-58d4-4348-a396-bdc8cab854a3,PROLLS-23MAR-T100000,50,2023-04-07T12:11:32.312016Z,94,6,yes
43,f6f6b860-0dc0-42c2-8e5e-a9a967de084b,PROLLS-23MAR-T100000,500,2023-04-07T12:11:18.236107Z,94,6,yes
44,a08c61be-4503-4f1f-b51b-866dd82007b7,PROLLS-23MAR-T100000,2,2023-04-07T12:10:07.38019Z,91,9,no
45,72cf500a-9447-4722-af8b-68188d0b6bfd,PROLLS-23MAR-T100000,98,2023-04-07T12:10:07.38019Z,91,9,no
46,6135f404-aa76-4fcd-99c0-a390e3afa22e,PROLLS-23MAR-T100000,1,2023-04-07T12:02:37.081105Z,94,6,yes
47,0f6af96b-6f9c-4eaa-920e-1c22a6b945f8,PROLLS-23MAR-T100000,500,2023-04-07T12:00:25.644639Z,94,6,yes
48,d393ef1b-2fdb-4138-a6c9-b790e6db4497,PROLLS-23MAR-T100000,10,2023-04-06T22:25:19.93424Z,94,6,yes
49,eedc156e-65c0-4942-92fd-dfacdde9626a,PROLLS-23MAR-T100000,100,2023-04-06T21:56:01.33509Z,93,7,yes
50,82bed450-09e3-4c14-aa3a-99e8606fa408,PROLLS-23MAR-T100000,98,2023-04-06T18:50:01.815586Z,91,9,yes
51,fd520403-c9ae-4872-a2cc-71bfcb1c9f46,PROLLS-23MAR-T100000,2,2023-04-06T16:51:57.451657Z,91,9,yes
52,8f0b4165-8c66-4680-9f08-4a412c18a8e4,PROLLS-23MAR-T100000,100,2023-04-06T13:50:58.404551Z,93,7,yes
53,943aa0dd-fb5d-4a99-93b8-2a555e03f8e6,PROLLS-23MAR-T100000,81,2023-04-06T03:02:24.987917Z,89,11,yes
54,0adbeca2-84ac-4e5e-8ced-7fde2f185722,PROLLS-23MAR-T100000,90,2023-04-06T03:00:02.584345Z,89,11,yes
55,9ef339c9-b159-46d3-8dca-1f9d375569af,PROLLS-23MAR-T100000,111,2023-04-05T20:08:08.906133Z,89,11,yes
56,5fb54431-a312-4f08-9dc5-9451b7816d86,PROLLS-23MAR-T100000,50,2023-04-05T17:51:45.648345Z,89,11,yes
57,322606b8-3703-42d5-b637-5f6255ee5e54,PROLLS-23MAR-T100000,2,2023-04-05T16:24:30.761269Z,89,11,yes
58,17877dee-5766-4b22-828e-52a57794ea1f,PROLLS-23MAR-T100000,25,2023-04-05T14:50:07.454586Z,89,11,yes
59,5dc4bc36-b130-4c53-ae49-e3b7fce0ca16,PROLLS-23MAR-T100000,2,2023-04-05T13:29:40.319701Z,89,11,yes
60,03bd2ad2-c0f6-42eb-9627-480e910194b6,PROLLS-23MAR-T100000,10,2023-04-05T12:48:47.325181Z,89,11,yes
61,b45182d3-b1bb-4dbc-9ab6-aa4a9f2dfd59,PROLLS-23MAR-T100000,12,2023-04-05T12:43:26.540047Z,89,11,yes
62,aa1bc0cb-debc-46e6-955d-43dc1047e6b6,PROLLS-23MAR-T100000,12,2023-04-05T12:16:38.295476Z,89,11,no
63,9fd91d2b-7008-4179-8c2f-11afe7c1feb0,PROLLS-23MAR-T100000,25,2023-04-05T12:16:38.295476Z,89,11,no
64,7cc2b720-8d51-42d2-8868-83a550925159,PROLLS-23MAR-T100000,50,2023-04-05T12:16:38.295476Z,86,14,no
65,3cb7d45b-d046-45e9-af67-763ea1355f83,PROLLS-23MAR-T100000,30,2023-04-05T12:16:38.295476Z,86,14,no
66,48884fc3-da30-440a-bd18-5021648a2138,PROLLS-23MAR-T100000,7,2023-04-05T00:36:48.169571Z,90,10,yes
67,e3f78a8b-0eaf-4a09-be8e-05abc13ae052,PROLLS-23MAR-T100000,6,2023-04-04T12:18:12.721537Z,90,10,yes
68,f877b699-eb16-4ee9-af84-888930fa2d5d,PROLLS-23MAR-T100000,4,2023-04-04T12:05:51.421142Z,90,10,yes
69,c2a0fa98-1802-4e44-a084-c7ff375597b3,PROLLS-23MAR-T100000,1,2023-04-03T20:48:29.689715Z,90,10,yes
70,5b2a5875-9ba9-426a-9f06-1553451c45ca,PROLLS-23MAR-T100000,800,2023-04-03T19:47:49.351981Z,90,10,yes
71,a27cce76-5f73-4d83-8636-b3dc8f9447ad,PROLLS-23MAR-T100000,1,2023-04-03T19:43:36.149274Z,90,10,yes
72,4d82ad9e-a505-45d0-bc74-92e101f5f29a,PROLLS-23MAR-T100000,50,2023-04-03T17:31:26.386028Z,90,10,yes
73,c0b3fbe4-357c-4441-9b38-74affaafab50,PROLLS-23MAR-T100000,1,2023-04-02T13:16:37.256546Z,95,5,yes
74,77150fca-9864-4151-aa7b-74065786d34e,PROLLS-23MAR-T100000,50,2023-03-30T19:17:07.908465Z,87,13,no
75,458e07c4-ece6-4541-9642-7d55f8009fc0,PROLLS-23MAR-T100000,70,2023-03-30T19:17:07.908465Z,86,14,no
76,6661df4b-0d2b-4452-a407-bd35689e51a6,PROLLS-23MAR-T100000,2,2023-03-29T18:47:28.512275Z,87,13,no
77,3fe088e1-3061-4a0b-b299-62ace6088abe,PROLLS-23MAR-T100000,3,2023-03-29T18:47:28.512275Z,86,14,no
78,f2c79565-f372-4bf7-badc-34cb1eef5794,PROLLS-23MAR-T100000,2,2023-03-29T15:44:53.947419Z,92,8,yes
79,fa6f8475-b857-4cc7-96bf-2e1bdfb2d84b,PROLLS-23MAR-T100000,21,2023-03-29T14:17:27.047903Z,86,14,no
80,9aa6d525-ab52-407f-8d97-3e15f19736ab,PROLLS-23MAR-T100000,500,2023-03-29T01:25:27.987755Z,91,9,yes
81,73dbf25b-a36f-47c0-b85a-f75e735fd7f9,PROLLS-23MAR-T100000,251,2023-03-29T01:25:27.987755Z,92,8,yes
82,6c5ca6b3-774a-4922-8e9d-b96e3ea1fc82,PROLLS-23MAR-T100000,249,2023-03-29T01:25:27.987755Z,90,10,yes
83,074a72e7-54b9-49d7-97d8-c412925aeffd,PROLLS-23MAR-T100000,1,2023-03-28T19:59:21.20364Z,90,10,yes
84,22101c5b-c669-476e-85f9-3e66fb333b52,PROLLS-23MAR-T100000,110,2023-03-28T13:06:42.4028Z,90,10,yes
85,48aeb1ab-5bdf-465b-934f-cf91e32a5eb9,PROLLS-23MAR-T100000,1,2023-03-28T01:38:17.537112Z,90,10,yes
86,cfbc49e0-bc64-40dd-8756-4aebc951b746,PROLLS-23MAR-T100000,20,2023-03-27T14:34:56.516939Z,91,9,yes
87,49b22cdc-71c8-461a-b235-fedbf909d87f,PROLLS-23MAR-T100000,70,2023-03-26T00:31:23.576395Z,90,10,yes
88,2e3383e2-8a73-426f-b1e1-ec0190be4598,PROLLS-23MAR-T100000,5,2023-03-25T16:34:37.891867Z,90,10,yes
89,f9e891d0-b048-439f-a475-c064d7095656,PROLLS-23MAR-T100000,16,2023-03-25T16:08:33.596493Z,89,11,yes
90,afaffcaa-a59c-4469-908b-073896ef0316,PROLLS-23MAR-T100000,16,2023-03-25T13:44:42.176439Z,88,12,yes
91,090952ff-c41b-40da-92f3-51cdb0e91773,PROLLS-23MAR-T100000,16,2023-03-24T21:24:41.241643Z,87,13,yes
92,cd825f86-c507-42b0-afcb-e4e20a0fb499,PROLLS-23MAR-T100000,16,2023-03-24T19:25:10.436624Z,86,14,yes
93,a61f1040-fc0c-4c5e-b419-8a7aef382191,PROLLS-23MAR-T100000,16,2023-03-24T13:37:07.231301Z,86,14,yes
94,ef9b1605-ec68-433f-b250-07cb9ba2bb55,PROLLS-23MAR-T100000,16,2023-03-24T13:27:51.363745Z,85,15,yes
95,e9e8ff9d-fd74-4a66-b9c6-df658195f29e,PROLLS-23MAR-T100000,16,2023-03-23T23:36:15.875577Z,83,17,yes
96,c5a69a9c-d561-4ac3-be20-5199f30b9748,PROLLS-23MAR-T100000,3,2023-03-23T19:04:51.678092Z,82,18,yes
97,0782f61b-eacc-436e-9165-0f3994a507db,PROLLS-23MAR-T100000,1,2023-03-23T16:23:44.586079Z,82,18,yes
98,b57032bd-2555-4072-bf30-d297f6e05aef,PROLLS-23MAR-T100000,5,2023-03-23T12:36:49.075891Z,82,18,yes
99,8d01d0d3-15b6-4643-9dbf-1c581855fbf4,PROLLS-23MAR-T100000,12,2023-03-22T21:58:49.857533Z,81,19,yes
100,499201ac-8ffb-4b55-be0b-c8eb7ac873a2,PROLLS-23MAR-T100000,16,2023-03-22T21:32:45.954239Z,80,20,yes
101,cda682d6-3d9d-4a51-a1f4-cf2298f9a944,PROLLS-23MAR-T100000,12,2023-03-22T21:32:21.878464Z,79,21,yes
102,d735c9a8-f1e5-48db-a76f-1c24de4053de,PROLLS-23MAR-T100000,4,2023-03-22T21:01:32.058192Z,79,21,yes
103,6d319da5-5a19-4361-96bb-24a4bbe21c61,PROLLS-23MAR-T100000,4,2023-03-20T22:36:08.20685Z,90,10,yes
104,2b084cfb-9d11-4934-8642-eef4e3f04efb,PROLLS-23MAR-T100000,16,2023-03-20T22:36:08.20685Z,77,23,yes
105,e999e5d4-8233-4810-8af6-5ad4b693fdfc,PROLLS-23MAR-T100000,48,2023-03-18T22:35:23.106434Z,75,25,no
106,10137a7c-2693-45c8-b9d7-46878f20f98d,PROLLS-23MAR-T100000,50,2023-03-18T02:21:59.149454Z,79,21,yes
107,7ab6fd70-248f-4d4c-bb90-324ade843fa9,PROLLS-23MAR-T100000,50,2023-03-18T02:18:40.890751Z,77,23,yes
108,3ac8c389-b1ea-493e-8fb0-ff497c5259ea,PROLLS-23MAR-T100000,50,2023-03-18T01:21:43.343677Z,75,25,yes
109,35eda217-8dd6-42ef-ae77-ad9af07ee0aa,PROLLS-23MAR-T100000,28,2023-03-18T01:21:43.343677Z,89,11,yes
110,26ad247a-ab72-4b7c-87ea-130d73489bfe,PROLLS-23MAR-T100000,42,2023-03-18T01:21:43.343677Z,77,23,yes
111,b4c68b37-ffb5-4785-80ca-cfc061885a02,PROLLS-23MAR-T100000,50,2023-03-16T12:46:37.89135Z,75,25,yes
112,3c2b90e1-622b-4cea-bee7-1cd44294dcb9,PROLLS-23MAR-T100000,1,2023-03-15T20:48:09.024152Z,74,26,yes
113,6af2b9dc-8640-45ee-8111-1ba98d90be12,PROLLS-23MAR-T100000,50,2023-03-15T20:31:56.964958Z,73,27,yes
114,82e1fe29-56ae-4a0f-8302-75b65103e51b,PROLLS-23MAR-T100000,50,2023-03-15T17:39:04.612229Z,72,28,yes
115,bf46e6a2-a3c4-4871-ad53-6665c8d13281,PROLLS-23MAR-T100000,40,2023-03-15T16:34:07.453033Z,70,30,yes
116,77d8af25-e63b-4713-ab4d-5aa00000b16f,PROLLS-23MAR-T100000,8,2023-03-15T16:34:07.453033Z,77,23,yes
117,8e6946c7-73ae-4e3f-80aa-9bc0736e8451,PROLLS-23MAR-T100000,10,2023-03-15T16:17:49.762198Z,70,30,yes
118,d39368fa-ef90-40cc-9764-da20c98f7beb,PROLLS-23MAR-T100000,6,2023-03-15T13:55:14.305747Z,69,31,yes
119,174ef816-5170-4928-b532-2acbe070c4dd,PROLLS-23MAR-T100000,2171,2023-03-14T21:24:32.591863Z,66,34,yes
120,df44b9d5-c7aa-4bdf-b10d-b342ad5a8e8c,PROLLS-23MAR-T100000,50,2023-03-14T13:27:25.813238Z,66,34,yes
121,e2bcf369-8b38-4990-99c1-31e183f962fd,PROLLS-23MAR-T100000,50,2023-03-14T13:27:09.91371Z,66,34,yes
122,3d7e01a8-de49-4f39-a83e-291516e0c974,PROLLS-23MAR-T100000,1,2023-03-14T13:12:11.699381Z,66,34,yes
123,88c2d6dc-a467-4870-9fa9-baf23bead5f6,PROLLS-23MAR-T100000,20,2023-03-14T00:23:52.856788Z,67,33,yes
124,f9e17a1b-abfd-4f67-8964-0c74419b5dab,PROLLS-23MAR-T100000,21,2023-03-13T22:12:15.673091Z,67,33,yes
125,a05a5781-6e9c-4a42-b00c-3558674f9022,PROLLS-23MAR-T100000,141,2023-03-11T16:17:08.387267Z,69,31,yes
126,2f6e1ced-dded-4489-afeb-b52ee298fe73,PROLLS-23MAR-T100000,150,2023-03-11T16:03:35.091728Z,69,31,yes
127,118f85ec-e703-4d6c-9f88-e38071a201c6,PROLLS-23MAR-T100000,5,2023-03-10T22:02:12.032166Z,71,29,no
128,061f376f-7665-4e1a-80e4-a573f27338ab,PROLLS-23MAR-T100000,1,2023-03-10T21:00:24.742438Z,60,40,no
129,4927cf0d-6b13-4b86-8953-a2d044877c18,PROLLS-23MAR-T100000,200,2023-03-10T16:05:22.753697Z,9,91,yes
130,203d0345-4e06-4e89-bc0f-bdafb4461eea,PROLLS-23MAR-T100000,200,2023-03-10T16:05:22.753697Z,8,92,yes
131,a938f60d-6b0d-48b1-bf8a-eee84ffa6eca,PROLLS-23MAR-T100000,200,2023-03-10T16:04:56.41246Z,8,92,yes
132,a8d3947e-3100-4dee-9943-6f1540c6aa92,PROLLS-23MAR-T100000,200,2023-03-10T16:04:53.511031Z,7,93,yes
133,9a7a9447-5f36-4358-9058-b52845c78cf6,PROLLS-23MAR-T100000,140,2023-03-10T16:04:53.511031Z,6,94,yes
134,589dd5e6-526a-467c-b60e-ac719c1ad90a,PROLLS-23MAR-T100000,200,2023-03-10T16:04:42.827815Z,6,94,yes
135,50dae8b9-c20d-4221-978d-0d2e3308b5e4,PROLLS-23MAR-T100000,200,2023-03-10T16:04:42.827815Z,5,95,yes
136,8017d331-07f9-4a60-a200-eb0989039539,PROLLS-23MAR-T100000,200,2023-03-10T16:04:37.955393Z,6,94,yes
137,2e4b2c91-a014-487e-bce3-5ffc991c28ab,PROLLS-23MAR-T100000,200,2023-03-10T16:04:37.955393Z,5,95,yes
138,6174cc99-1f08-45a3-8d85-190c83edd2db,PROLLS-23MAR-T100000,200,2023-03-10T16:04:21.091635Z,4,96,yes
139,1845085c-7e6d-4414-8ac9-439fb9832981,PROLLS-23MAR-T100000,200,2023-03-10T16:04:21.091635Z,5,95,yes
140,15d0370b-d408-48a4-9ff8-a494c4928dad,PROLLS-23MAR-T100000,65,2023-03-10T16:04:21.091635Z,3,97,yes
141,b246fd68-3bdd-487e-b1d8-b34f35a7825b,PROLLS-23MAR-T100000,135,2023-03-10T16:04:17.618303Z,3,97,no
142,f3d52611-6a04-4c2a-ba7e-25dd0d371731,PROLLS-23MAR-T100000,200,2023-03-10T16:04:06.985445Z,3,97,yes
143,e8643e78-d712-4b2f-8e4b-4f048b3ad5fc,PROLLS-23MAR-T100000,60,2023-03-10T16:04:06.985445Z,2,98,yes
144,f19d9a0d-b1c2-450d-b608-a57c5911815d,PROLLS-23MAR-T100000,5,2023-03-10T16:00:25.808434Z,2,98,yes
145,57648137-6dc6-4194-a157-25b7c5ea5eb3,PROLLS-23MAR-T200000,25,2023-04-07T12:20:42.83241Z,72,28,yes
146,500fa54d-2453-4c87-83ea-8c89dfa9bfb6,PROLLS-23MAR-T200000,25,2023-04-07T12:17:55.193537Z,72,28,yes
147,df07dd6d-b5b7-40ef-ae07-ec038b95d7c6,PROLLS-23MAR-T200000,100,2023-04-07T12:14:15.717214Z,72,28,yes
148,8204c59a-ab3a-4f9c-96dc-e63794c49dba,PROLLS-23MAR-T200000,204,2023-04-07T12:09:41.456005Z,72,28,yes
149,ea7b93dd-6fc4-4e37-8ba7-362d295fcacc,PROLLS-23MAR-T200000,25,2023-04-07T12:05:41.908773Z,70,30,yes
150,5c9348bc-2f7a-4fc1-b6ad-c78daa4cd00b,PROLLS-23MAR-T200000,10,2023-04-07T12:05:41.908773Z,69,31,yes
151,463b8048-5baa-4fe6-a0df-c7860f317e0f,PROLLS-23MAR-T200000,89,2023-04-07T12:05:41.908773Z,70,30,yes
152,db52bb90-1537-4b75-8eae-cb51a1101fde,PROLLS-23MAR-T200000,10,2023-04-06T20:46:34.49516Z,70,30,yes
153,e1ad2ddc-97a7-4a19-96cd-b6ce89912414,PROLLS-23MAR-T200000,1,2023-04-06T17:01:57.712175Z,70,30,yes
154,713b4fdd-af61-473c-a2db-e35d2c93befd,PROLLS-23MAR-T200000,102,2023-04-06T13:59:12.608937Z,72,28,yes
155,4bb1c99c-6117-4445-ab8a-7e31d6ea181a,PROLLS-23MAR-T200000,125,2023-04-06T13:58:46.699185Z,72,28,yes
156,0636b140-5c94-4dba-a39f-83d08f772cb0,PROLLS-23MAR-T200000,25,2023-04-06T13:48:21.726534Z,66,34,yes
157,e423fa64-44e1-4ff1-b5e9-2281cd62150d,PROLLS-23MAR-T200000,147,2023-04-05T22:23:22.835666Z,66,34,yes
158,4d2f886f-081f-40b9-8c09-82d8b9bb4b7e,PROLLS-23MAR-T200000,290,2023-04-05T22:20:36.630358Z,63,37,yes
159,9c936bff-8667-4b5f-95e6-62bd3bb6008b,PROLLS-23MAR-T200000,7,2023-04-05T22:05:35.817879Z,60,40,yes
160,7fcf0142-e8a2-4bf0-9c2a-6b0ceb7a50b6,PROLLS-23MAR-T200000,50,2023-04-05T16:48:16.201453Z,55,45,no
161,6e6ff7b9-b5bc-4506-8a46-7d15d8dcdc68,PROLLS-23MAR-T200000,50,2023-04-05T16:48:02.144237Z,55,45,no
162,e694e59b-cd56-4c13-97f7-8d9883a4782b,PROLLS-23MAR-T200000,800,2023-04-05T16:47:34.140055Z,62,38,yes
163,3605bddd-9517-4431-9ee4-2dbcf3b4f23b,PROLLS-23MAR-T200000,100,2023-04-05T16:47:34.140055Z,60,40,yes
164,24f1a2e0-4fe6-49a4-993e-c08b0252c873,PROLLS-23MAR-T200000,100,2023-04-05T16:47:34.140055Z,60,40,yes
165,4dea72a4-ef14-4fa3-842a-cd554776d785,PROLLS-23MAR-T200000,20,2023-04-05T14:50:19.348841Z,53,47,no
166,aff86634-444b-466e-8d9e-ace205b67904,PROLLS-23MAR-T200000,25,2023-04-05T12:36:21.866345Z,56,44,no
167,f65ca89a-9df1-4ba8-a41b-9ce2c477f7fe,PROLLS-23MAR-T200000,30,2023-04-05T12:32:09.779414Z,57,43,no
168,d64bde1b-8be5-41f7-a588-433e9d4eec0b,PROLLS-23MAR-T200000,100,2023-04-05T12:16:18.308905Z,61,39,no
169,37c77c2e-31c5-4472-a56f-1bff9b0615ff,PROLLS-23MAR-T200000,100,2023-04-05T12:16:18.308905Z,59,41,no
170,30edac67-2fad-4b66-b2be-5386f062548d,PROLLS-23MAR-T200000,10,2023-04-05T12:16:18.308905Z,63,37,no
171,b194e449-87ff-4579-b350-214201184e33,PROLLS-23MAR-T200000,1000,2023-04-04T19:33:55.480263Z,65,35,yes
172,0cf46efc-7657-4422-95d2-05e1f2be681a,PROLLS-23MAR-T200000,200,2023-04-04T19:33:55.480263Z,63,37,yes
173,11b627ed-c2ce-425f-9dec-80b368a749e8,PROLLS-23MAR-T200000,250,2023-04-04T12:13:06.650366Z,63,37,yes
174,865b560c-a8e0-4b50-a807-aad057af7211,PROLLS-23MAR-T200000,5,2023-04-03T19:10:28.967356Z,54,46,no
175,a6472e45-b4ea-48ff-bfca-7f47ebad5e20,PROLLS-23MAR-T200000,250,2023-04-03T17:31:22.325764Z,60,40,yes
176,a417101f-d357-4879-bedb-16c2ac8e8149,PROLLS-23MAR-T200000,150,2023-04-03T17:31:22.325764Z,58,42,yes
177,46ca5125-3ab0-4a6c-9326-7f4949ed0977,PROLLS-23MAR-T200000,150,2023-03-31T16:46:29.953331Z,48,52,yes
178,0b49a1fb-9065-4f24-8d55-91a17f509551,PROLLS-23MAR-T200000,25,2023-03-31T16:46:29.953331Z,47,53,yes
179,e1408bda-8fb8-4ad8-a05d-790b9ad32aff,PROLLS-23MAR-T200000,25,2023-03-30T14:46:30.197746Z,41,59,yes
180,d671d0a5-04c4-4622-a540-899bda4851d1,PROLLS-23MAR-T200000,5,2023-03-30T13:44:56.764521Z,41,59,yes
181,effed0d7-f95e-4c68-8e5d-0c3c38f416c1,PROLLS-23MAR-T200000,100,2023-03-29T19:28:51.677456Z,43,57,yes
182,87f07019-b31a-40d2-9a7c-c571fc83e3e9,PROLLS-23MAR-T200000,150,2023-03-29T19:28:51.677456Z,40,60,yes
183,a26b28ec-a23e-4a0e-a122-4475b28bcc67,PROLLS-23MAR-T200000,14,2023-03-27T23:02:48.015729Z,34,66,no
184,301a0348-00c4-470b-ad99-fc0da74b774a,PROLLS-23MAR-T200000,20,2023-03-27T22:12:22.356628Z,39,61,yes
185,b7bf6a08-d855-46d1-9b68-a659fb5a978f,PROLLS-23MAR-T200000,50,2023-03-27T18:52:31.030281Z,39,61,yes
186,59b93d5c-435f-48bb-9941-400552ec4a16,PROLLS-23MAR-T200000,100,2023-03-27T18:17:28.487435Z,34,66,no
187,4a95dd02-0dd9-49b4-8abb-5d3aef33cc9b,PROLLS-23MAR-T200000,5,2023-03-27T18:17:28.487435Z,32,68,no
188,778cd3c8-c2d3-4def-a17a-b1a5fcfd55eb,PROLLS-23MAR-T200000,165,2023-03-27T18:13:59.934137Z,34,66,no
189,66fb745b-6a7b-4ad5-a227-47d5bf9d9060,PROLLS-23MAR-T200000,250,2023-03-27T18:13:18.022558Z,35,65,no
190,58f3ae2d-4f87-4683-a28f-e5af5ef2560f,PROLLS-23MAR-T200000,250,2023-03-27T18:13:03.270383Z,36,64,no
191,57db2936-d338-4adc-bc44-00dd6bdcd525,PROLLS-23MAR-T200000,25,2023-03-27T18:13:03.270383Z,36,64,no
192,3659bd11-c0a4-456a-af2b-232fa26a9eb5,PROLLS-23MAR-T200000,200,2023-03-27T15:56:14.144896Z,37,63,no
193,4c8d958a-264d-4a7a-ada3-b0128a6c0051,PROLLS-23MAR-T200000,132,2023-03-26T21:27:48.062112Z,38,62,yes
194,f64ff89f-b0cc-48be-ac82-152490da844f,PROLLS-23MAR-T200000,20,2023-03-26T12:26:05.092851Z,38,62,yes
195,d5baa47d-b25e-4dc0-8691-cb16b79b4c14,PROLLS-23MAR-T200000,50,2023-03-25T23:14:37.907782Z,38,62,yes
196,516342f0-1ffa-4caf-b7bb-9425c94b69a0,PROLLS-23MAR-T200000,50,2023-03-25T23:14:29.080169Z,38,62,yes
197,16b203fe-9499-4da4-a2f1-c60294b650b2,PROLLS-23MAR-T200000,50,2023-03-25T23:14:20.690419Z,38,62,yes
198,35866ded-6b1c-40b4-8335-0f81c8e7a095,PROLLS-23MAR-T200000,50,2023-03-25T23:14:11.14456Z,38,62,yes
199,d671940c-7d6a-4037-bc8a-bb80973da93a,PROLLS-23MAR-T200000,16,2023-03-25T16:08:36.730697Z,38,62,yes
200,a5133b7f-923c-4790-bc31-524e86f1f398,PROLLS-23MAR-T200000,50,2023-03-24T22:26:34.615229Z,38,62,yes
201,85264b58-4a85-4038-8412-db5541d9cd31,PROLLS-23MAR-T200000,100,2023-03-24T22:12:18.386559Z,38,62,yes
202,0404b836-b49d-449b-9812-c11bb8dfee51,PROLLS-23MAR-T200000,2,2023-03-24T15:16:05.568291Z,38,62,yes
203,d166fbb8-2669-4b1c-95cf-21849eb3e6e7,PROLLS-23MAR-T200000,16,2023-03-24T13:37:17.809574Z,38,62,yes
204,cef31ec7-6dab-4081-aa69-b4d8765ad4f1,PROLLS-23MAR-T200000,10,2023-03-23T00:11:46.886229Z,36,64,no
205,3b65b5cf-474b-4de0-808e-5aa849cdd43a,PROLLS-23MAR-T200000,430,2023-03-22T22:38:32.040292Z,38,62,yes
206,e4890b22-2547-45be-afbd-904026b8b975,PROLLS-23MAR-T200000,126,2023-03-22T18:51:45.321982Z,38,62,yes
207,244bf3e8-1bf1-4140-ae4b-5c4054724601,PROLLS-23MAR-T200000,190,2023-03-21T17:20:44.541904Z,38,62,yes
208,ba44c848-16f1-4d9a-961e-5978c27654ce,PROLLS-23MAR-T200000,500,2023-03-21T17:16:07.500884Z,38,62,yes
209,31445c7e-cd1e-4ffe-a5fd-58d556cb909f,PROLLS-23MAR-T200000,50,2023-03-20T15:21:35.87246Z,39,61,no
210,1ed1d731-0bad-463c-9dc9-6d0e1173ff19,PROLLS-23MAR-T200000,50,2023-03-18T02:22:03.641465Z,41,59,yes
211,14ad172d-5de1-45ca-b53d-08c59c620b62,PROLLS-23MAR-T200000,50,2023-03-18T01:21:52.819766Z,41,59,yes
212,aa6efef5-4428-4a6a-9549-79fe2d9501d0,PROLLS-23MAR-T200000,12,2023-03-17T16:26:48.696407Z,41,59,no
213,399d4345-5385-40d6-9d8d-c0f3422472ad,PROLLS-23MAR-T200000,50,2023-03-17T16:26:48.696407Z,41,59,no
214,5eb0461a-76c7-4222-9f12-aab9d11a15aa,PROLLS-23MAR-T200000,50,2023-03-15T20:32:00.96572Z,42,58,yes
215,11825e59-2964-4dcb-8f1d-0b5f56cfe497,PROLLS-23MAR-T200000,10,2023-03-14T00:39:24.036733Z,44,56,yes
216,c19e139c-423d-47c9-8363-ddd4cb6358f7,PROLLS-23MAR-T200000,10,2023-03-11T00:00:09.671615Z,33,67,no
217,55fae53b-d74b-46a6-898b-2348dfff331e,PROLLS-23MAR-T200000,1,2023-03-10T21:00:42.062012Z,39,61,no
218,bc04bdbe-e9a5-4f0c-a93a-22906264177f,PROLLS-23MAR-T200000,160,2023-03-10T16:05:05.570163Z,6,94,yes
219,9b7f8160-ddb0-41a4-969d-63c48e4c6b06,PROLLS-23MAR-T200000,200,2023-03-10T16:05:05.570163Z,8,92,yes
220,64e2e410-5aa3-4960-b37e-254c0b62594e,PROLLS-23MAR-T200000,200,2023-03-10T16:05:05.570163Z,7,93,yes
221,5b6d53c1-4f49-4950-8a7e-002deb924b7e,PROLLS-23MAR-T200000,200,2023-03-10T16:04:46.154221Z,6,94,yes
222,4b0fc84c-2a4f-4ed6-8ee9-b306cda3285d,PROLLS-23MAR-T200000,200,2023-03-10T16:04:46.154221Z,7,93,yes
223,01d3d59e-644a-4314-adea-6249bdcbe159,PROLLS-23MAR-T200000,200,2023-03-10T16:04:46.154221Z,5,95,yes
224,fb8caaf0-37e8-49e3-9118-47b7da21799f,PROLLS-23MAR-T200000,200,2023-03-10T16:04:26.90182Z,5,95,yes
225,cd373212-06c6-4aa5-a146-b7a432772109,PROLLS-23MAR-T200000,200,2023-03-10T16:04:26.90182Z,4,96,yes
226,530bf333-7cd5-46a6-a43c-dd70496f47de,PROLLS-23MAR-T200000,200,2023-03-10T16:04:26.90182Z,3,97,yes
227,ee8d3cec-9df5-4cde-9b51-9a45b42bc0c2,PROLLS-23MAR-T200000,200,2023-03-10T16:04:11.700342Z,2,98,yes
228,89a3c363-0123-4b02-bac2-a237a86f70b8,PROLLS-23MAR-T200000,200,2023-03-10T16:04:11.700342Z,4,96,yes
229,509ac6f5-eaaa-4c3b-bf81-0351c85bceb5,PROLLS-23MAR-T200000,200,2023-03-10T16:04:11.700342Z,3,97,yes
230,4bfb8466-6d76-477f-8201-7d4760bf241b,PROLLS-23MAR-T200000,10,2023-03-10T16:00:39.584231Z,2,98,yes
231,0667930c-a0f9-4ca3-aa4a-db069f819e90,PROLLS-23MAR-T300000,2,2023-04-07T12:17:40.174723Z,15,85,yes
232,551881aa-f823-4a4c-a043-2716a8fc4a19,PROLLS-23MAR-T300000,698,2023-04-07T12:13:27.803995Z,15,85,no
233,a78c692a-bbb4-4c24-858b-016b4b482963,PROLLS-23MAR-T300000,250,2023-04-07T12:03:31.287159Z,15,85,no
234,b1bbc14b-869d-41bf-ac83-76e9e7f7308a,PROLLS-23MAR-T300000,72,2023-04-06T21:11:56.329609Z,18,82,yes
235,592ba46f-8a7c-4c86-b768-3c486c3fd994,PROLLS-23MAR-T300000,15,2023-04-06T20:21:23.585374Z,15,85,no
236,f3421842-849d-413a-b32e-86962521bbcd,PROLLS-23MAR-T300000,25,2023-04-06T14:41:54.462669Z,19,81,yes
237,697876ce-74cc-4044-a1fd-c8b1b84aa1ba,PROLLS-23MAR-T300000,100,2023-04-06T13:51:28.883835Z,15,85,no
238,3d00f9f0-f8ef-473b-8952-a05661bd2bbb,PROLLS-23MAR-T300000,25,2023-04-05T13:38:30.771054Z,12,88,no
239,7a886e53-c6ff-4b65-9c8f-c71c48b95272,PROLLS-23MAR-T300000,100,2023-04-05T13:01:07.627809Z,12,88,no
240,551d8f39-3a63-4238-9227-076c3be9c34f,PROLLS-23MAR-T300000,56,2023-04-05T12:45:14.992478Z,12,88,no
241,680257ff-01fd-47d4-b068-f9188b1b8903,PROLLS-23MAR-T300000,250,2023-04-04T21:28:02.071338Z,23,77,no
242,b6b3747d-b0c5-4da6-b56a-2c2ddde843f4,PROLLS-23MAR-T300000,3,2023-04-04T20:17:23.426194Z,23,77,no
243,5e98e3d9-63e8-439b-99fd-b4c191ab3034,PROLLS-23MAR-T300000,25,2023-04-04T15:56:21.487123Z,21,79,no
244,ae200bff-59d6-49af-8dcc-dbc00e268d41,PROLLS-23MAR-T300000,10,2023-04-04T14:43:07.19004Z,22,78,yes
245,36f06726-8775-42d3-90b6-bbe622fabd29,PROLLS-23MAR-T300000,100,2023-03-31T14:06:13.843859Z,16,84,yes
246,236bf279-dd0e-47dd-a721-38ce4409e2a5,PROLLS-23MAR-T300000,3,2023-03-28T23:56:49.603105Z,17,83,yes
247,6252d269-1e8f-4500-9bd6-a46a76edbb85,PROLLS-23MAR-T300000,25,2023-03-28T18:21:34.230579Z,13,87,no
248,b42e6aa8-37c1-42fa-a82b-18b0da160162,PROLLS-23MAR-T300000,30,2023-03-27T22:12:33.998613Z,17,83,yes
249,6ad9a6b4-fad8-4da1-be31-4c8eef5e209d,PROLLS-23MAR-T300000,100,2023-03-27T15:55:05.24411Z,13,87,no
250,927d6005-b16e-46c2-8b26-6c80f54fb2b8,PROLLS-23MAR-T300000,43,2023-03-24T22:13:23.706197Z,16,84,yes
251,2755a646-7f2a-44bb-a4fc-e18887ee4e12,PROLLS-23MAR-T300000,57,2023-03-24T22:13:23.706197Z,14,86,yes
252,9a9d8498-33e5-43bb-8064-54c769a7686e,PROLLS-23MAR-T300000,6,2023-03-24T15:16:30.684136Z,14,86,yes
253,000a2b62-7ba6-402e-bc28-6f18d1f56119,PROLLS-23MAR-T300000,5,2023-03-22T17:53:30.132249Z,14,86,yes
254,beda036e-aafe-411d-af99-3b26c5f04341,PROLLS-23MAR-T300000,16,2023-03-21T02:47:01.165257Z,14,86,yes
255,20e46403-e8bd-40e0-99dc-09820592c85a,PROLLS-23MAR-T300000,100,2023-03-20T15:21:51.553843Z,14,86,no
256,afc497c3-a45f-4e5c-a7dc-de8145b3fa2d,PROLLS-23MAR-T300000,50,2023-03-18T02:22:03.700512Z,15,85,yes
257,af258d59-1fbb-42ff-88ce-8af7b772cb56,PROLLS-23MAR-T300000,50,2023-03-18T02:18:49.323686Z,15,85,yes
258,e8ef2bad-8732-4437-a60e-f94588384a45,PROLLS-23MAR-T300000,50,2023-03-18T01:21:52.872388Z,15,85,yes
259,11401246-9a33-4597-9d49-9cbb62fcb19c,PROLLS-23MAR-T300000,50,2023-03-17T16:27:17.102851Z,15,85,no
260,d11a03b9-b130-491f-a077-3930d1ea3465,PROLLS-23MAR-T300000,50,2023-03-16T12:46:50.013055Z,16,84,yes
261,b62068cd-b461-4119-8aaf-a5bc2d69ca4c,PROLLS-23MAR-T300000,50,2023-03-15T20:32:01.05314Z,16,84,yes
262,0d96d492-7830-44e4-84e3-7f42b968b70e,PROLLS-23MAR-T300000,50,2023-03-15T17:39:09.421929Z,16,84,yes
263,aab411c6-e0d5-4433-bf1d-fc1f6d22bc1c,PROLLS-23MAR-T300000,10,2023-03-10T23:59:52.731623Z,21,79,no
264,ba506744-9c63-4fd7-8d2e-00d3c5e27081,PROLLS-23MAR-T300000,65,2023-03-10T22:07:14.061544Z,21,79,no
265,62e9bfc8-6a4f-49d0-87c7-eea5253af216,PROLLS-23MAR-T300000,1,2023-03-10T21:00:57.711347Z,21,79,no
266,9c747648-c865-4ca2-ad67-145dfeb378a8,PROLLS-23MAR-T300000,200,2023-03-10T16:04:49.655246Z,4,96,yes
267,4104e5eb-0a3f-4316-b835-167a67019679,PROLLS-23MAR-T300000,200,2023-03-10T16:04:49.655246Z,5,95,yes
268,2714c859-5feb-4b7f-b16f-8f1ba29c353b,PROLLS-23MAR-T300000,200,2023-03-10T16:04:49.655246Z,3,97,yes
269,2eef4618-a7c3-4fb5-955f-33b996619e2d,PROLLS-23MAR-T300000,5,2023-03-10T16:00:53.277491Z,1,99,yes
270,138c9781-fda9-4098-a090-a51bab6625ec,PROLLS-23MAR-T300000,5,2023-03-10T16:00:45.82012Z,1,99,yes
271,04a63ad2-a319-4875-873f-6ee1d80137f4,PROLLS-23MAR-T400000,10,2023-04-06T22:51:26.120694Z,4,96,no
272,068da4cb-d50b-44e1-9d73-b30004ca265e,PROLLS-23MAR-T400000,108,2023-04-06T21:29:15.07356Z,4,96,no
273,87fea4c2-48e9-466d-a020-932f41265930,PROLLS-23MAR-T400000,250,2023-04-06T20:21:03.409195Z,4,96,no
274,66cbb77a-11b5-4a79-8581-9f4917c46a3b,PROLLS-23MAR-T400000,127,2023-04-04T15:32:46.089641Z,6,94,no
275,d21e651f-a9f0-4d1a-a9cd-a2211a96538b,PROLLS-23MAR-T400000,5,2023-03-25T16:34:45.444832Z,4,96,no
276,fd6bc779-b483-43c7-b866-ea3c58b125f3,PROLLS-23MAR-T400000,100,2023-03-17T20:21:49.412301Z,5,95,no
277,a6f0300b-a83e-4d01-be4f-c940c21ef675,PROLLS-23MAR-T400000,10,2023-03-15T19:21:27.630068Z,5,95,no
278,23e14f60-f3f5-4dcc-b506-9b6edf9cd727,PROLLS-23MAR-T400000,5,2023-03-13T03:40:36.432576Z,5,95,no
279,f72951cc-13c2-4814-ad51-333ad441974c,PROLLS-23MAR-T400000,5,2023-03-10T16:01:00.24555Z,1,99,yes
280,01c9a602-7a24-4a05-b198-5d1e45450fee,PROLLS-23MAR-T500000,5,2023-03-25T16:34:22.469839Z,1,99,no
281,e5e0db40-22ad-435e-8130-7ec23bacc52b,PROLLS-23MAR-T500000,100,2023-03-25T16:14:39.92155Z,1,99,no
282,95f2c3a1-fa20-4294-9eb5-9e089cba5dec,PROLLS-23MAR-T500000,15,2023-03-23T21:21:32.538439Z,1,99,no
283,f8a0d329-8085-469a-8cb9-9a5930c93437,PROLLS-23MAR-T500000,200,2023-03-15T16:15:41.433458Z,1,99,no
284,028fa0e6-0649-4ac7-9d8d-bef47e7b37ea,PROLLS-23MAR-T500000,5,2023-03-13T13:33:14.871002Z,1,99,no
285,f9a45bd8-bfc7-4429-a6f9-e6b5d00f29b6,PROLLS-23MAR-T500000,5,2023-03-10T16:01:06.70629Z,1,99,yes
286,6dc2ba33-521d-4611-9a74-dc9168750481,PROLLS-23APR-T0,50,2023-05-05T12:20:28.631065Z,99,1,yes
287,63eeff5c-96ca-473f-b5ca-7676e84a357d,PROLLS-23APR-T0,5000,2023-05-05T01:51:02.34033Z,99,1,yes
288,0da19e79-6dee-4224-a24a-e45df3ec9351,PROLLS-23APR-T0,5000,2023-05-05T01:49:14.224977Z,99,1,no
289,a6fb8efa-f408-4823-b45d-9a66243108f2,PROLLS-23APR-T0,500,2023-05-05T01:46:30.23722Z,99,1,yes
290,6cd9b9c1-f63a-4b15-8592-1170b2c1d7c7,PROLLS-23APR-T0,12750,2023-05-05T01:46:30.23722Z,99,1,yes
291,bf8a8bb7-59b4-4a2a-8c11-9413c85a3c00,PROLLS-23APR-T0,650,2023-05-04T18:56:34.087658Z,98,2,yes
292,173bb169-3650-4e18-9df1-9bb85ffb8a77,PROLLS-23APR-T0,350,2023-05-04T18:26:48.237809Z,98,2,no
293,73b4125c-0fb5-4665-8bd0-36abf1050dda,PROLLS-23APR-T0,300,2023-05-04T15:58:53.888932Z,98,2,no
294,bc667003-d190-4600-873c-d6ba4dc8d927,PROLLS-23APR-T0,280,2023-05-04T14:41:24.636185Z,98,2,no
295,2e85202e-0591-4151-b528-8d855e21b66e,PROLLS-23APR-T0,120,2023-05-04T14:41:24.636185Z,98,2,no
296,c4a2e6e0-7871-47d4-b2cd-f5d54c85ebf5,PROLLS-23APR-T0,3000,2023-05-04T12:32:14.578035Z,99,1,yes
297,a1049c1c-c552-4028-bc9b-4e4883114cd5,PROLLS-23APR-T0,18,2023-05-04T03:55:45.22764Z,99,1,yes
298,088e8033-8676-44e0-a922-ae4f5f95908a,PROLLS-23APR-T0,100,2023-05-04T02:29:04.972434Z,99,1,yes
299,1274eed7-9d3b-4805-a1cb-0c4171a43026,PROLLS-23APR-T0,100,2023-05-04T02:19:34.839407Z,99,1,yes
300,de0a1778-d932-4c79-8476-60cc563924b0,PROLLS-23APR-T0,45,2023-05-04T02:17:26.717703Z,99,1,yes
301,396d87ef-bb95-4359-a394-d9641bacfc90,PROLLS-23APR-T0,100,2023-05-04T02:17:26.717703Z,99,1,yes
302,974f911b-e7b3-4857-b296-fc12b81db8dc,PROLLS-23APR-T0,1000,2023-05-04T02:13:38.641872Z,98,2,yes
303,727b08cf-c258-43e6-a605-cad7bfd14e8e,PROLLS-23APR-T0,200,2023-05-04T00:55:43.322022Z,98,2,no
304,71a84b13-6683-4e8a-905a-4f917b3ee909,PROLLS-23APR-T0,10,2023-05-04T00:55:43.322022Z,98,2,no
305,fb6983c9-b54e-4e76-8122-db7f313129d9,PROLLS-23APR-T0,30,2023-05-04T00:01:48.924713Z,98,2,yes
306,6018f57f-e87d-43b7-97e5-bde682bc9fdb,PROLLS-23APR-T0,100,2023-05-03T23:06:10.074213Z,98,2,yes
307,d0b9bcd8-ae44-4cf2-ad5d-83718354c539,PROLLS-23APR-T0,50,2023-05-03T21:50:28.53804Z,97,3,yes
308,227ff047-efc0-463f-8a5b-45c23497a922,PROLLS-23APR-T0,100,2023-05-03T21:14:40.675021Z,98,2,yes
309,e8f9f640-1f58-4ae8-89dd-de62b1612e6f,PROLLS-23APR-T0,100,2023-05-03T21:14:28.784436Z,98,2,yes
310,b8ecb5f5-0e96-4333-88bb-ef16762da5dd,PROLLS-23APR-T0,50,2023-05-03T21:14:28.784436Z,97,3,yes
311,a539aa0c-b54d-4067-9946-74c13072bc89,PROLLS-23APR-T0,100,2023-05-03T21:14:28.784436Z,97,3,yes
312,c34e9c11-edd7-44be-b63e-80082771efca,PROLLS-23APR-T0,180,2023-05-02T21:02:46.241475Z,96,4,yes
313,01ab5187-2df2-4040-99ea-760adc6a6f9a,PROLLS-23APR-T0,10,2023-05-02T19:31:44.987214Z,96,4,yes
314,362eb071-959a-48cf-9738-0c3041e389db,PROLLS-23APR-T0,5,2023-05-02T12:44:54.610234Z,96,4,yes
315,c89d3bf7-5ee6-4116-aa05-cd4494ae93d3,PROLLS-23APR-T0,1,2023-04-30T19:17:20.313246Z,95,5,yes
316,71a02f0d-7128-4793-a119-bae2ddfea69d,PROLLS-23APR-T0,50,2023-04-30T00:50:41.29829Z,95,5,yes
317,36191d63-01ba-4cbe-bc49-6181d953a064,PROLLS-23APR-T0,1,2023-04-29T19:47:55.095904Z,95,5,yes
318,3d9577b4-abc8-49a2-b8d8-bd5cfc316813,PROLLS-23APR-T0,100,2023-04-28T15:29:24.914318Z,95,5,yes
319,3d64b27d-9ae9-427b-a855-a6360af22bf2,PROLLS-23APR-T0,1,2023-04-28T00:23:45.206205Z,95,5,yes
320,8759793b-fa06-4e22-a22a-db07f27c3e4f,PROLLS-23APR-T0,30,2023-04-27T22:25:45.918485Z,95,5,yes
321,1fad2ac5-26f3-4b63-825b-0cff84996299,PROLLS-23APR-T0,20,2023-04-27T21:38:19.239342Z,95,5,yes
322,6bb191a9-edb3-43e0-8fe7-f65b932403ff,PROLLS-23APR-T0,25,2023-04-25T17:43:15.862593Z,92,8,no
323,38440f86-fb6b-4f84-bd7e-4303e4301d77,PROLLS-23APR-T0,5,2023-04-25T17:43:15.862593Z,91,9,no
324,ead1ffd3-81f2-416c-b368-9a1ca3fcdd00,PROLLS-23APR-T0,10,2023-04-25T02:44:56.754501Z,90,10,yes
325,d9434aa6-7285-49c9-9c25-b3a0fac539d6,PROLLS-23APR-T0,10,2023-04-25T02:44:56.754501Z,92,8,yes
326,d47ae0b8-db71-478c-8810-1a5f84efbcfd,PROLLS-23APR-T0,10,2023-04-25T02:44:56.754501Z,91,9,yes
327,07d24a99-934f-4071-9ebc-0e521d9deac7,PROLLS-23APR-T0,18,2023-04-24T17:58:20.583495Z,95,5,yes
328,74636e18-836c-43d3-9ccb-954bc9c693fc,PROLLS-23APR-T0,50,2023-04-24T15:31:18.52674Z,95,5,no
329,3f3a12ae-8a8d-4ef2-9f85-d60805f13520,PROLLS-23APR-T0,15,2023-04-07T18:20:14.738242Z,97,3,yes
330,1cd37379-032c-42f7-b072-a6dec4f6e7a8,PROLLS-23APR-T0,30,2023-04-07T18:20:14.738242Z,98,2,yes
331,cce118ce-3600-461c-a65e-4a8e85b447b4,PROLLS-23APR-T100000,340,2023-05-05T12:24:10.046339Z,88,12,yes
332,2f1965da-ecce-4c57-95d8-a9799d6fa060,PROLLS-23APR-T100000,225,2023-05-05T12:24:10.046339Z,87,13,yes
333,5a87e32e-1f7e-44d6-91a5-ae72d1d1c27b,PROLLS-23APR-T100000,25,2023-05-05T12:22:52.756784Z,82,18,no
334,2b02289d-5ccc-4fde-b648-e5c67df4f65b,PROLLS-23APR-T100000,24,2023-05-05T12:21:49.154926Z,87,13,yes
335,8894bc45-7657-4f70-8389-060ad372d5ff,PROLLS-23APR-T100000,100,2023-05-05T12:16:09.157028Z,85,15,yes
336,85668061-49f4-45df-ac85-c3bafec0fba0,PROLLS-23APR-T100000,1,2023-05-05T12:09:41.650719Z,87,13,yes
337,74015258-9266-4f43-ab1e-5edba71a9593,PROLLS-23APR-T100000,42,2023-05-04T20:11:09.827862Z,88,12,yes
338,98ec5182-2497-47b5-ab26-895847f689fb,PROLLS-23APR-T100000,300,2023-05-04T18:27:04.651177Z,81,19,no
339,29d76b62-049f-4c3e-af21-5d19ef5b575e,PROLLS-23APR-T100000,500,2023-05-04T18:27:04.651177Z,78,22,no
340,21cf468a-13a9-4eb0-a7b7-7b1e53a78c41,PROLLS-23APR-T100000,38,2023-05-04T18:27:04.651177Z,82,18,no
341,18ac2137-9e21-4578-beae-efece2444f6f,PROLLS-23APR-T100000,500,2023-05-04T18:27:04.651177Z,79,21,no
342,98304976-8efc-4417-9d5a-18abfd609f09,PROLLS-23APR-T100000,3,2023-05-04T15:59:11.799248Z,82,18,no
343,488673fc-4cfe-4ef2-aed5-9c042ab25731,PROLLS-23APR-T100000,50,2023-05-04T15:59:11.799248Z,82,18,no
344,44ff08ec-eae2-4893-a1ff-8abd7ac6daf8,PROLLS-23APR-T100000,25,2023-05-04T15:19:24.552697Z,89,11,yes
345,0984c57a-ecb3-4962-be8d-b1b695733458,PROLLS-23APR-T100000,363,2023-05-04T15:19:24.552697Z,89,11,yes
346,57134973-ac2f-4138-8842-da9ec51b944a,PROLLS-23APR-T100000,5,2023-05-04T14:16:12.42196Z,89,11,yes
347,0415be79-8d2f-4e8f-9590-edf61a7bd455,PROLLS-23APR-T100000,30,2023-05-04T12:19:51.172379Z,81,19,yes
348,ac0889be-8ada-4742-aa9c-f0568b3c3064,PROLLS-23APR-T100000,20,2023-05-04T12:19:42.356391Z,81,19,yes
349,c2c4d116-9991-488e-84ab-13b3ad406726,PROLLS-23APR-T100000,100,2023-05-04T12:19:42.305906Z,81,19,no
350,9d643250-784b-40c9-a0c8-2ff420dc0858,PROLLS-23APR-T100000,11,2023-05-04T02:14:47.535507Z,89,11,yes
351,d7ee72c1-6db8-46b9-a8b0-84eaa1947786,PROLLS-23APR-T100000,42,2023-05-03T22:19:37.247645Z,86,14,no
352,783da249-0d0e-4488-b821-6b6969819b01,PROLLS-23APR-T100000,40,2023-05-03T22:19:37.247645Z,86,14,no
353,6d06d8ef-312a-4dfe-9b22-cd468f746ff2,PROLLS-23APR-T100000,40,2023-05-03T22:19:37.247645Z,86,14,no
354,a7025327-9f9f-4b99-9964-2324c82c1b8a,PROLLS-23APR-T100000,111,2023-05-03T21:46:42.849794Z,89,11,yes
355,eb39f5f6-da9f-434e-b8eb-adb1dea3994d,PROLLS-23APR-T100000,10,2023-05-03T21:22:16.148721Z,88,12,no
356,3b8b33df-170c-4465-9f37-3967ed6722cd,PROLLS-23APR-T100000,40,2023-05-03T21:22:16.148721Z,88,12,no
357,2383bd7f-7854-402d-997f-024417be0dfd,PROLLS-23APR-T100000,10,2023-05-03T21:19:31.110311Z,89,11,no
358,109489ae-0d3e-4fee-baca-a4171ce8d1da,PROLLS-23APR-T100000,27,2023-05-03T21:15:18.07028Z,90,10,yes
359,fe01ae62-eb30-4d57-a94e-2144848fe7d7,PROLLS-23APR-T100000,15,2023-05-03T21:10:23.38913Z,90,10,yes
360,beca7809-6c20-4a5c-8a4a-76a258fa12b0,PROLLS-23APR-T100000,23,2023-05-03T21:00:32.088433Z,88,12,yes
361,4339e7c1-7f19-4483-ad78-57b005dab4c0,PROLLS-23APR-T100000,33,2023-05-03T21:00:32.088433Z,89,11,yes
362,95ea67d8-a5f1-44b7-aa79-4e4caf5a6cb8,PROLLS-23APR-T100000,100,2023-05-03T20:17:50.240463Z,78,22,no
363,78e423f2-55d4-4c66-8b98-b7fcc34c9fb8,PROLLS-23APR-T100000,49,2023-05-03T20:17:50.240463Z,78,22,no
364,69328e04-0dcf-4a42-aa0b-f284cc304ae3,PROLLS-23APR-T100000,100,2023-05-03T20:17:50.240463Z,78,22,no
365,40504289-169d-4768-a05a-9248fbf6790b,PROLLS-23APR-T100000,40,2023-05-03T20:17:50.240463Z,79,21,no
366,244eb237-1816-4a89-8d48-d59e61d7d041,PROLLS-23APR-T100000,50,2023-05-03T20:17:50.240463Z,79,21,no
367,1ae7cfae-f050-41ef-b3a4-11a4bec5088b,PROLLS-23APR-T100000,25,2023-05-03T20:17:50.240463Z,80,20,no
368,ebdc633d-7965-4285-b7a1-cd5d00bc952e,PROLLS-23APR-T100000,25,2023-05-03T19:06:59.673271Z,88,12,no
369,48f1c093-500c-4406-a859-104732b1a586,PROLLS-23APR-T100000,20,2023-05-03T19:06:59.673271Z,88,12,no
370,e0368a48-56b0-488a-85fd-d1884c4b9a02,PROLLS-23APR-T100000,3,2023-05-03T17:38:13.490716Z,91,9,yes
371,60f549f8-7ca9-48a1-9c82-5f3466aca7c7,PROLLS-23APR-T100000,1,2023-05-03T16:22:01.89754Z,91,9,yes
372,d6b3e0cf-7766-4038-8205-bdee142fd448,PROLLS-23APR-T100000,10,2023-05-03T15:08:41.950813Z,90,10,yes
373,b738172c-9d66-4a75-b0c3-5cbef5ede5e7,PROLLS-23APR-T100000,10,2023-05-03T15:08:09.809706Z,89,11,yes
374,d8035200-c337-4633-a1db-7b5ee263cab5,PROLLS-23APR-T100000,20,2023-05-03T13:31:52.51579Z,89,11,yes
375,b2856c0c-cf34-4b89-ba5e-9222f41535b8,PROLLS-23APR-T100000,25,2023-05-03T12:37:06.728195Z,90,10,yes
376,2e3bd9c9-45e8-4ef6-8958-848f66d1efd8,PROLLS-23APR-T100000,25,2023-05-02T14:22:27.771916Z,75,25,no
377,836486da-6721-4c05-bfbf-a26c2f7a112d,PROLLS-23APR-T100000,2,2023-05-02T12:46:09.872194Z,87,13,yes
378,dba2a618-7efd-419e-8d24-47cf28821d2f,PROLLS-23APR-T100000,40,2023-05-02T03:47:31.508692Z,86,14,yes
379,1d65214c-a437-4f8a-a273-c67ddfca8ccc,PROLLS-23APR-T100000,1,2023-05-02T00:44:42.550903Z,86,14,yes
380,c5cb506f-49aa-4ecd-95d8-390757b7d317,PROLLS-23APR-T100000,425,2023-05-01T20:41:42.70581Z,85,15,yes
381,a9d1c263-4238-4f15-8bd6-aa83e47bec7a,PROLLS-23APR-T100000,20,2023-05-01T20:41:42.70581Z,85,15,yes
382,e995a86c-9933-4501-8a8d-f1251d936ed0,PROLLS-23APR-T100000,10,2023-05-01T16:55:54.632505Z,85,15,yes
383,a52a7187-9c66-4596-a048-a92def44c564,PROLLS-23APR-T100000,10,2023-05-01T12:46:00.636752Z,85,15,yes
384,c2772fa8-f8cf-4d92-b5a3-fe6e47426c0e,PROLLS-23APR-T100000,25,2023-04-30T19:51:10.97017Z,85,15,yes
385,27c90b30-64c1-44d0-b77e-2589fb057d9b,PROLLS-23APR-T100000,20,2023-04-27T22:24:33.904006Z,85,15,yes
386,322abd17-5ee1-4233-bbfb-40c061ab522f,PROLLS-23APR-T100000,5,2023-04-27T22:20:44.402312Z,85,15,yes
387,31749993-ed48-426f-aced-f4a705f164c8,PROLLS-23APR-T100000,5,2023-04-27T20:03:00.981496Z,85,15,yes
388,29a73f3f-e339-4e87-910e-8e601f9df82b,PROLLS-23APR-T100000,70,2023-04-25T23:05:21.840528Z,86,14,yes
389,ad159ebf-a2d4-4579-88c9-b4b5ea50a813,PROLLS-23APR-T100000,140,2023-04-25T22:44:05.050162Z,85,15,yes
390,3ff58af0-1037-4d45-8828-555ac50dfaf6,PROLLS-23APR-T100000,60,2023-04-25T22:43:50.353209Z,84,16,yes
391,ee6cdb42-8fe3-44fd-844a-51a182264d8a,PROLLS-23APR-T100000,19,2023-04-25T21:24:11.246057Z,83,17,yes
392,0bb910fc-5aea-4d52-9dd8-02f9b9d5e095,PROLLS-23APR-T100000,56,2023-04-25T21:24:11.246057Z,84,16,yes
393,c4c632a0-e72f-4503-af5c-736f94c3ab91,PROLLS-23APR-T100000,1,2023-04-25T18:46:49.858241Z,83,17,yes
394,ea077dcc-5eb1-43f8-be83-9ef264222e0c,PROLLS-23APR-T100000,20,2023-04-25T17:43:10.269517Z,71,29,no
395,365c67d1-36af-4f06-bc5c-d1458236736d,PROLLS-23APR-T100000,10,2023-04-25T13:11:33.256291Z,76,24,yes
396,6f40de81-1437-42d4-82c9-4f938c67b461,PROLLS-23APR-T100000,10,2023-04-25T02:45:02.748566Z,74,26,yes
397,3b1b5c61-4111-4b7c-9a8d-10eebd806c37,PROLLS-23APR-T100000,10,2023-04-25T02:45:02.748566Z,72,28,yes
398,2b67011b-b42c-473c-884b-5738c3bdde26,PROLLS-23APR-T100000,243,2023-04-24T19:04:00.227625Z,81,19,yes
399,ef37a4ce-c6dc-4d7e-8f1a-168f5025a9d7,PROLLS-23APR-T100000,400,2023-04-24T15:28:30.542607Z,83,17,no
400,db5bd3d2-ccf1-4804-abd7-18600e718f8b,PROLLS-23APR-T100000,100,2023-04-24T02:47:30.663982Z,84,16,no
401,d13f153a-c6aa-4b08-989c-a98feb28f152,PROLLS-23APR-T100000,900,2023-04-24T02:41:39.60122Z,87,13,no
402,0bcaac9f-114b-4af8-93ea-0b4652e9a7a4,PROLLS-23APR-T100000,1000,2023-04-24T02:41:39.60122Z,86,14,no
403,dd3644c9-8b40-4052-97b4-98fc244d0860,PROLLS-23APR-T100000,1000,2023-04-23T22:37:28.885303Z,89,11,no
404,cf970d89-ca92-44e3-bdb3-10a1fa919fec,PROLLS-23APR-T100000,1000,2023-04-23T22:37:28.885303Z,90,10,no
405,35ccc3bc-9038-4ddb-adb3-b47dab51253b,PROLLS-23APR-T100000,1000,2023-04-23T22:37:28.885303Z,91,9,no
406,d23400a4-f753-4a91-8a7e-66dd203245df,PROLLS-23APR-T100000,1,2023-04-23T22:02:34.52969Z,94,6,yes
407,32d95150-c085-4546-9789-794ffac4c910,PROLLS-23APR-T100000,100,2023-04-22T19:30:13.706807Z,94,6,yes
408,4ed2fd16-ec88-476f-a50f-b48664724247,PROLLS-23APR-T100000,1,2023-04-18T21:29:33.041217Z,93,7,yes
409,3f44ad19-f5e8-412d-8033-0551c729bab5,PROLLS-23APR-T100000,500,2023-04-17T18:59:23.222594Z,90,10,yes
410,62ef619a-cbf3-432a-b845-e2addf3b7948,PROLLS-23APR-T100000,10,2023-04-14T14:19:37.621442Z,88,12,no
411,b5ff487a-f064-43c5-8618-78f87da381ae,PROLLS-23APR-T100000,100,2023-04-11T21:49:43.179743Z,87,13,no
412,0347524e-a944-4f28-b454-b5c9888495b7,PROLLS-23APR-T100000,1,2023-04-10T19:43:10.466914Z,90,10,yes
413,c113cc59-ae9c-4372-891a-3f6e69220263,PROLLS-23APR-T100000,1,2023-04-08T18:13:08.373601Z,91,9,yes
414,dcaac6ab-7c12-46ca-ba15-4e19eaa3b341,PROLLS-23APR-T200000,18,2023-05-05T12:22:14.677277Z,51,49,yes
415,8ebaeb3f-5317-49c9-9fa9-1cdd9f009eb0,PROLLS-23APR-T200000,40,2023-05-05T12:20:48.199557Z,51,49,yes
416,1c45bd0f-42d1-4ae2-9f2b-05dfcbaab21a,PROLLS-23APR-T200000,35,2023-05-05T12:16:50.911279Z,46,54,no
417,69eab8d6-3b41-4620-a308-b8ab7b1181a8,PROLLS-23APR-T200000,2,2023-05-05T12:08:53.48544Z,51,49,yes
418,9c226ae5-6e74-4847-a379-da475e426580,PROLLS-23APR-T200000,12,2023-05-05T12:08:32.711994Z,51,49,yes
419,2117a33a-44d7-4c00-8c7a-6be979dda300,PROLLS-23APR-T200000,20,2023-05-05T12:03:36.148361Z,46,54,no
420,64d57f10-d45b-4f5e-8009-58dcaf2b5606,PROLLS-23APR-T200000,18,2023-05-05T12:00:47.734824Z,47,53,no
421,4fead225-85d1-4983-bb13-cade110b0dbc,PROLLS-23APR-T200000,72,2023-05-05T12:00:47.734824Z,46,54,no
422,c04a32b6-c050-41cb-bb7c-e0a16f452d72,PROLLS-23APR-T200000,5,2023-05-05T01:02:31.74244Z,51,49,yes
423,3532eff9-b4f8-4a09-b840-da4ed07ade0c,PROLLS-23APR-T200000,200,2023-05-04T21:25:00.937572Z,46,54,no
424,0179ee72-9600-4992-bf9f-89023711774a,PROLLS-23APR-T200000,5,2023-05-04T21:25:00.937572Z,46,54,no
425,8ea8e487-4a10-46be-9f1a-31ac5a788871,PROLLS-23APR-T200000,100,2023-05-04T21:09:08.295548Z,51,49,yes
426,7d6f0580-5533-458c-98f1-5420373f3f87,PROLLS-23APR-T200000,14,2023-05-04T19:11:12.759927Z,52,48,yes
427,2d6e5e3b-b931-4a67-8ea7-282b9364d65f,PROLLS-23APR-T200000,50,2023-05-04T19:11:12.759927Z,50,50,yes
428,d1bf2123-78e9-4a2a-931e-b5b3a23e7d70,PROLLS-23APR-T200000,50,2023-05-04T18:29:16.337817Z,46,54,no
429,589e623d-bff7-4bff-85eb-033577fc34e4,PROLLS-23APR-T200000,7,2023-05-04T18:29:16.337817Z,49,51,no
430,ee050936-d883-49fe-b444-3af7add8d93a,PROLLS-23APR-T200000,36,2023-05-04T15:59:07.502942Z,49,51,no
431,2e238390-9b88-441c-b6f1-a5027c6b0a34,PROLLS-23APR-T200000,1,2023-05-04T15:25:38.571691Z,53,47,yes
432,d70ba25a-c72f-4fb0-aa6c-0687c3255ea8,PROLLS-23APR-T200000,2,2023-05-04T13:59:06.120994Z,49,51,no
433,d6d52a1b-b4c4-41ed-97f5-10d3ca0737a9,PROLLS-23APR-T200000,100,2023-05-04T13:59:06.120994Z,49,51,no
434,d5095dbb-7efc-4d64-948f-ffb9c40f7ad3,PROLLS-23APR-T200000,30,2023-05-04T13:59:06.120994Z,51,49,no
435,4e230173-b613-49ca-87ac-23ad696893c4,PROLLS-23APR-T200000,100,2023-05-04T12:55:18.294721Z,55,45,yes
436,4beb717d-866a-4227-976a-0a827359816d,PROLLS-23APR-T200000,41,2023-05-04T12:55:18.294721Z,56,44,yes
437,38f271f5-57ad-4955-9de6-99bc5e83c891,PROLLS-23APR-T200000,25,2023-05-04T12:55:18.294721Z,54,46,yes
438,389da4b2-3201-4cbd-905d-0866e70a1878,PROLLS-23APR-T200000,10,2023-05-04T12:55:18.294721Z,53,47,yes
439,c37fcb89-196b-443a-8008-216bab83ac50,PROLLS-23APR-T200000,100,2023-05-04T12:19:36.229515Z,50,50,no
440,3225774c-878b-4af5-b9e9-25d0ff3d1eb5,PROLLS-23APR-T200000,5,2023-05-04T12:19:36.229515Z,52,48,no
441,2459ebb9-26ce-486d-984c-954b0bbd4388,PROLLS-23APR-T200000,25,2023-05-04T03:44:47.950516Z,52,48,no
442,b538e8c9-d37e-4035-8a23-106a1f280604,PROLLS-23APR-T200000,500,2023-05-04T01:45:24.564797Z,55,45,yes
443,ab85bf43-7e7b-49e3-801c-6f0f50099ea1,PROLLS-23APR-T200000,40,2023-05-04T01:45:24.564797Z,53,47,yes
444,a222ea2d-ba0d-44c4-8680-02808bbe96cf,PROLLS-23APR-T200000,100,2023-05-04T01:45:24.564797Z,53,47,yes
445,04997985-78f8-427e-aa1c-974abf412040,PROLLS-23APR-T200000,100,2023-05-04T01:45:24.564797Z,55,45,yes
446,21e6c46d-cb12-412d-90b3-b160e1e33a26,PROLLS-23APR-T200000,50,2023-05-03T22:19:48.150195Z,51,49,no
447,209a9c93-d4d5-4212-a524-14ee8ad0d4b4,PROLLS-23APR-T200000,60,2023-05-03T22:19:48.150195Z,49,51,no
448,c66aa7c8-1a9b-4370-a417-0ca78dc5c836,PROLLS-23APR-T200000,40,2023-05-03T21:54:49.291006Z,57,43,yes
449,66fc49b2-9f0a-4fd3-8187-b39a07b68dd6,PROLLS-23APR-T200000,50,2023-05-03T21:54:49.291006Z,55,45,yes
450,9de912b4-9b3a-4dbc-b2ac-5301266d5cee,PROLLS-23APR-T200000,20,2023-05-03T21:24:53.548016Z,56,44,yes
451,803a72c7-adbc-4180-921b-dca601e4ad2d,PROLLS-23APR-T200000,40,2023-05-03T21:24:10.279277Z,53,47,yes
452,64159b71-babd-4923-9861-ac414e828877,PROLLS-23APR-T200000,500,2023-05-03T21:24:10.279277Z,55,45,yes
453,5dae4c45-4453-43a4-82bd-4a4c72a85e94,PROLLS-23APR-T200000,100,2023-05-03T21:24:10.279277Z,55,45,yes
454,bea126a1-6382-47e7-9a6f-c1cd1a37ffd0,PROLLS-23APR-T200000,100,2023-05-03T21:22:20.54946Z,50,50,no
455,6694e73e-b550-40fc-a003-eabf36b0c0fd,PROLLS-23APR-T200000,10,2023-05-03T21:22:20.54946Z,53,47,no
456,28c88a9b-bc27-4bd6-80bb-75d04e7b8896,PROLLS-23APR-T200000,10,2023-05-03T21:15:28.510255Z,57,43,yes
457,e78f3747-f513-41b2-bb43-eeac1829092b,PROLLS-23APR-T200000,25,2023-05-03T21:12:43.609555Z,57,43,yes
458,cb22f2f3-1a71-4cd4-826f-561eca8d4728,PROLLS-23APR-T200000,6,2023-05-03T21:12:43.609555Z,57,43,yes
459,64f9bfbd-7ce6-445a-9961-4a64f1ff210e,PROLLS-23APR-T200000,10,2023-05-03T21:10:52.067811Z,56,44,yes
460,f90d5443-ba85-4b2c-a77b-74b936fafc09,PROLLS-23APR-T200000,16,2023-05-03T21:00:37.970481Z,54,46,yes
461,f0a638f9-9839-449f-bfd7-afba17d5f366,PROLLS-23APR-T200000,70,2023-05-03T21:00:37.970481Z,54,46,yes
462,ab806b78-ad3a-43d7-ba2f-e9f429785209,PROLLS-23APR-T200000,480,2023-05-03T21:00:37.970481Z,55,45,yes
463,fdee1672-5770-409a-afb1-197204fd3b50,PROLLS-23APR-T200000,50,2023-05-03T20:17:41.845537Z,47,53,no
464,d7f4c603-0740-4b7c-b94e-9761e5198ac8,PROLLS-23APR-T200000,100,2023-05-03T20:17:41.845537Z,47,53,no
465,f36dcdb3-d933-45be-af57-e84e0eb8607e,PROLLS-23APR-T200000,44,2023-05-03T19:56:57.17609Z,48,52,no
466,8ec8669e-8a1f-4c7a-a5cc-e6ab69516120,PROLLS-23APR-T200000,40,2023-05-03T19:52:58.337191Z,49,51,no
467,2838759a-00a3-4721-9dd9-0db3f0b36360,PROLLS-23APR-T200000,5,2023-05-03T19:33:26.183832Z,54,46,yes
468,65f01806-5fd9-496e-a913-2dfc533d9b69,PROLLS-23APR-T200000,40,2023-05-03T19:06:50.592549Z,50,50,no
469,70901742-9c85-4088-a301-88c6a9bcea25,PROLLS-23APR-T200000,49,2023-05-03T19:05:10.327805Z,51,49,no
470,316f210d-9b74-4528-8dc6-02452777f1db,PROLLS-23APR-T200000,25,2023-05-03T19:05:10.327805Z,51,49,no
471,e86d5e16-bd83-462e-80c3-170d542f5569,PROLLS-23APR-T200000,20,2023-05-03T18:52:01.338371Z,55,45,yes
472,d4df56ec-5d8d-462a-8404-286139ce7887,PROLLS-23APR-T200000,1,2023-05-03T17:39:03.843095Z,51,49,no
473,ba876405-c868-4fb4-a650-e3c53ccf73da,PROLLS-23APR-T200000,100,2023-05-03T17:39:03.843095Z,51,49,no
474,bac5ca3b-d54e-4118-996f-87bbf096e2c6,PROLLS-23APR-T200000,40,2023-05-03T17:37:55.430011Z,52,48,no
475,cb0e4311-c7e4-4f33-888b-b84fa1281cee,PROLLS-23APR-T200000,8,2023-05-03T17:37:19.938096Z,53,47,no
476,8032697d-b501-466b-99e0-ca498275e172,PROLLS-23APR-T200000,100,2023-05-03T17:37:19.938096Z,53,47,no
477,24478b33-a7a3-4f9b-a552-277f352197a4,PROLLS-23APR-T200000,10,2023-05-03T17:37:19.938096Z,53,47,no
478,6d77d4c4-0bea-4b88-b234-37e73a3cd8db,PROLLS-23APR-T200000,100,2023-05-03T17:36:59.985999Z,54,46,no
479,b8746d1c-8834-4c5d-b027-9c24d57a3fcf,PROLLS-23APR-T200000,50,2023-05-03T17:36:50.535409Z,55,45,no
480,cfc510a8-29d3-44c4-91f5-3eedc9627bb9,PROLLS-23APR-T200000,1,2023-05-03T17:17:33.046269Z,61,39,yes
481,4247e68c-0664-4b29-9f88-ef2105800e87,PROLLS-23APR-T200000,258,2023-05-03T16:59:14.863708Z,62,38,yes
482,2dff96c1-3067-4ba1-83e6-9691973be63e,PROLLS-23APR-T200000,142,2023-05-03T16:59:14.863708Z,58,42,yes
483,2acd2cd1-c507-420e-a00f-b6b4be9e542b,PROLLS-23APR-T200000,2,2023-05-03T16:36:59.687992Z,58,42,yes
484,9f715594-73ce-462b-b076-283c138a3072,PROLLS-23APR-T200000,1,2023-05-03T16:22:14.152411Z,58,42,yes
485,d0334874-0e48-414e-a7ad-dc15cb4419c7,PROLLS-23APR-T200000,20,2023-05-03T15:27:52.564169Z,61,39,yes
486,1da9131b-a152-44c1-8c47-ad6d3d383e26,PROLLS-23APR-T200000,180,2023-05-03T15:27:52.564169Z,62,38,yes
487,94b07e4d-49e4-4bff-8bd3-6781612d2ae4,PROLLS-23APR-T200000,160,2023-05-03T15:14:33.312634Z,62,38,yes
488,b8b00c51-26d1-4468-be92-c6e7cd772d85,PROLLS-23APR-T200000,12,2023-05-03T15:11:11.977725Z,62,38,yes
489,22607cd0-416c-433b-ae42-e6d28a7dc3c9,PROLLS-23APR-T200000,24,2023-05-03T15:05:04.317354Z,62,38,yes
490,0f1e9031-537d-4e49-bcac-a2d5cffbe59f,PROLLS-23APR-T200000,5,2023-05-03T14:56:01.234775Z,62,38,yes
491,ef4b42bb-801f-4536-91b1-552f00069672,PROLLS-23APR-T200000,50,2023-05-03T13:57:24.934107Z,53,47,no
492,98c97fd9-c990-4758-a845-076d4c94be4c,PROLLS-23APR-T200000,31,2023-05-03T13:02:00.44875Z,62,38,yes
493,f3bfd484-23ad-459f-a725-13c5a52954a1,PROLLS-23APR-T200000,200,2023-05-03T12:31:19.64826Z,57,43,yes
494,d511c72f-b2b5-4b00-994e-d95d6bc5168d,PROLLS-23APR-T200000,115,2023-05-03T12:31:19.64826Z,60,40,yes
495,04cde7a1-4c79-4316-9b66-537a5c3caddd,PROLLS-23APR-T200000,20,2023-05-03T12:31:19.64826Z,56,44,yes
496,aa68d523-bb7a-430d-b7e8-e3c895424cea,PROLLS-23APR-T200000,30,2023-05-03T12:23:18.010731Z,56,44,yes
497,312c62c7-7b03-47e8-a58b-191d11f280c5,PROLLS-23APR-T200000,43,2023-05-03T12:20:34.119846Z,56,44,yes
498,40cba766-1f5f-4710-9e33-e7bd3d3aea88,PROLLS-23APR-T200000,5,2023-05-03T03:44:27.413079Z,55,45,yes
499,0377df24-d68f-4697-a24e-10af13c7c27b,PROLLS-23APR-T200000,3,2023-05-03T03:44:27.413079Z,56,44,yes
500,ecfdf219-d615-4a4d-84ad-dc66d7c8375d,PROLLS-23APR-T200000,80,2023-05-02T19:31:00.873447Z,52,48,yes
501,ce131fa4-b60f-4ae3-b3e4-e6d9d9f8171b,PROLLS-23APR-T200000,3,2023-05-02T19:31:00.873447Z,55,45,yes
502,a259aa2a-73fd-44d0-8b24-48af0299d75a,PROLLS-23APR-T200000,200,2023-05-02T19:31:00.873447Z,53,47,yes
503,4fa71d6e-aa8e-478d-b712-a15a1070db90,PROLLS-23APR-T200000,496,2023-05-02T19:31:00.873447Z,52,48,yes
504,eaf908dc-895e-4bb5-a303-8f1447683916,PROLLS-23APR-T200000,75,2023-05-02T19:28:14.628966Z,51,49,yes
505,552e1e11-4885-4b4b-b0d0-dcfa2685faf0,PROLLS-23APR-T200000,77,2023-05-02T19:26:56.381461Z,50,50,yes
506,e1894e9a-c536-4ae1-98b0-8d91a9e76f7d,PROLLS-23APR-T200000,342,2023-05-02T17:00:27.270489Z,38,62,no
507,99d901d4-5620-4a93-a983-f6b5d66db433,PROLLS-23APR-T200000,58,2023-05-02T17:00:27.270489Z,43,57,no
508,d4f28757-6530-453f-97f3-429f5a882cb8,PROLLS-23APR-T200000,10,2023-05-02T16:07:30.507141Z,51,49,yes
509,00428ecd-6c1d-4fec-a030-389111ca2113,PROLLS-23APR-T200000,2,2023-05-02T14:56:31.578796Z,43,57,no
510,60a7ae33-7623-478c-a4e4-fc260cb4aed8,PROLLS-23APR-T200000,30,2023-05-02T14:12:31.638853Z,43,57,no
511,213fbf3b-ba70-4386-96ec-698114d6de68,PROLLS-23APR-T200000,66,2023-05-01T20:42:01.835723Z,51,49,yes
512,12c4db6a-46c9-498c-83e2-a0b8345dfee1,PROLLS-23APR-T200000,40,2023-05-01T20:42:01.835723Z,50,50,yes
513,dcc2a9d1-5e13-4e7c-8814-65cad6542dd2,PROLLS-23APR-T200000,4,2023-05-01T17:17:11.969868Z,40,60,no
514,82b14c52-7804-402e-bc90-8473067ba0cf,PROLLS-23APR-T200000,20,2023-05-01T14:59:49.207183Z,49,51,yes
515,4b67a1df-749a-4243-8cf0-946dd1d1523b,PROLLS-23APR-T200000,1,2023-05-01T12:48:27.745947Z,36,64,no
516,fa4e949f-6021-4796-86b9-6d46842d0945,PROLLS-23APR-T200000,4,2023-04-30T20:17:23.089154Z,36,64,no
517,cd434333-61c4-4c79-9cfe-f956120a97b9,PROLLS-23APR-T200000,80,2023-04-29T21:42:21.098516Z,37,63,no
518,9d6672dc-91f8-4972-8f83-4ddd7fd89447,PROLLS-23APR-T200000,80,2023-04-29T21:41:15.125368Z,38,62,no
519,a45a24c8-972d-40c6-9989-53f8322f1c89,PROLLS-23APR-T200000,30,2023-04-28T18:48:18.286815Z,51,49,yes
520,79a21ac3-1929-4ca1-a091-2dd6a4754d67,PROLLS-23APR-T200000,80,2023-04-27T18:00:59.647985Z,40,60,no
521,02a3c470-c8fc-4f06-91da-ccb8e954623c,PROLLS-23APR-T200000,120,2023-04-27T18:00:59.647985Z,39,61,no
522,22103aa0-88ec-4e0a-a615-cc8de9c60e47,PROLLS-23APR-T200000,4,2023-04-27T17:31:32.798182Z,52,48,yes
523,0744ce56-2a81-416a-8f61-a07627f2d9d6,PROLLS-23APR-T200000,17,2023-04-25T23:03:27.2789Z,52,48,yes
524,436a7b97-7c17-4e24-83a9-2130ff0188aa,PROLLS-23APR-T200000,10,2023-04-25T00:41:17.467377Z,37,63,yes
525,038728b4-da94-4fdd-bed0-213c545f183a,PROLLS-23APR-T200000,20,2023-04-24T23:42:17.544239Z,38,62,no
526,e54058f6-3987-4fab-96cd-cb7f93fc9ccf,PROLLS-23APR-T200000,679,2023-04-24T23:40:05.355613Z,38,62,no
527,548c509a-0fa3-4422-a00e-0f32f1f1edba,PROLLS-23APR-T200000,300,2023-04-24T23:40:05.355613Z,40,60,no
528,b1e9336b-04aa-4ebb-93d9-9b3b09fcb228,PROLLS-23APR-T200000,1000,2023-04-24T23:39:48.99289Z,43,57,no
529,6fcd7457-a02e-4e5d-b06d-a7a808c29271,PROLLS-23APR-T200000,71,2023-04-24T23:39:48.99289Z,51,49,no
530,23f0d84b-6857-4d40-9c5d-f2167a619708,PROLLS-23APR-T200000,1000,2023-04-24T23:39:48.99289Z,40,60,no
531,21cb97ac-7613-4230-b16f-aed68e1108de,PROLLS-23APR-T200000,200,2023-04-24T23:39:48.99289Z,45,55,no
532,dd25218a-9aa8-4a71-9684-e0b416614a30,PROLLS-23APR-T200000,29,2023-04-24T19:40:31.41444Z,51,49,no
533,6bad166d-298f-40a1-b055-aca6e4bd05b3,PROLLS-23APR-T200000,500,2023-04-24T18:39:39.477663Z,51,49,no
534,a17a9d7e-10a7-40a1-bc8c-dedfb0ea41ca,PROLLS-23APR-T200000,400,2023-04-24T18:39:28.844526Z,52,48,no
535,26d23464-b928-4926-9ac0-ffddfce0dcab,PROLLS-23APR-T200000,500,2023-04-24T18:39:17.200826Z,53,47,no
536,6c7e7f78-f592-4cd6-ba4b-dfe446fab55b,PROLLS-23APR-T200000,400,2023-04-24T18:38:52.636602Z,54,46,no
537,c8ee889f-eeb0-46c0-8348-95327107b2aa,PROLLS-23APR-T200000,100,2023-04-24T18:37:43.00858Z,54,46,no
538,2fe56c83-d5cb-400f-92cf-331f0a7b750a,PROLLS-23APR-T200000,400,2023-04-24T18:37:43.00858Z,55,45,no
539,8848ddd1-36bc-4943-b02d-e209fea524db,PROLLS-23APR-T200000,15,2023-04-24T18:36:45.255115Z,64,36,yes
540,ef887f3b-418b-43e5-89bf-d823166abc31,PROLLS-23APR-T200000,20,2023-04-24T15:58:58.256336Z,56,44,no
541,70fa3bef-8499-45c4-a967-0220bd3cbe33,PROLLS-23APR-T200000,7,2023-04-24T15:30:29.796899Z,64,36,yes
542,96c609a8-c50f-44b1-b350-fd99e645e4d2,PROLLS-23APR-T200000,500,2023-04-24T02:50:41.995653Z,54,46,no
543,1ddb702f-a33a-4c62-ad1f-73d4a55530d0,PROLLS-23APR-T200000,400,2023-04-24T02:49:44.716095Z,55,45,no
544,eb114d37-9ba8-4851-805e-a9923be6317a,PROLLS-23APR-T200000,300,2023-04-24T02:47:40.740031Z,56,44,no
545,e6b555ad-1de0-4c0d-8da6-a5a49d743c55,PROLLS-23APR-T200000,200,2023-04-24T02:47:17.150888Z,59,41,no
546,132c73bb-4645-4e7f-8bc8-851c84ab55db,PROLLS-23APR-T200000,1000,2023-04-24T02:47:17.150888Z,56,44,no
547,c663cf00-1781-4ab1-90f9-36e5f8637595,PROLLS-23APR-T200000,300,2023-04-24T02:44:48.759923Z,59,41,no
548,1d19b074-e778-4029-b015-12d502661643,PROLLS-23APR-T200000,400,2023-04-24T02:42:12.297853Z,60,40,no
549,023b1734-bb56-4ceb-a377-7ec439954604,PROLLS-23APR-T200000,500,2023-04-24T02:41:55.461043Z,61,39,no
550,8c6658ac-e331-49e4-89f7-7a54a20738dc,PROLLS-23APR-T200000,400,2023-04-24T02:41:34.876762Z,64,36,no
551,0b2dea52-8346-4a86-bcf0-8fd893fe01cf,PROLLS-23APR-T200000,1000,2023-04-24T02:41:34.876762Z,62,38,no
552,bd9049e5-961a-4ce6-a00f-2041953aefc1,PROLLS-23APR-T200000,600,2023-04-24T02:40:31.733105Z,67,33,no
553,78281837-3a2a-4074-b8b3-874cd4c1d87c,PROLLS-23APR-T200000,1000,2023-04-24T02:40:31.733105Z,65,35,no
554,6da19f59-46d4-4d6c-bea6-d74d90f47552,PROLLS-23APR-T200000,100,2023-04-23T22:37:44.42965Z,70,30,no
555,4f75bcf0-51ab-4566-b46b-86a544ad0bb3,PROLLS-23APR-T200000,1000,2023-04-23T22:37:44.42965Z,68,32,no
556,b30d18c3-e625-4eb4-bfbe-6134af5be064,PROLLS-23APR-T200000,1000,2023-04-23T22:37:25.388496Z,70,30,no
557,7584a965-5500-44a1-badf-d3aa299cb832,PROLLS-23APR-T200000,300,2023-04-23T22:37:25.388496Z,72,28,no
558,d550e599-225f-404e-a128-6c392f6eb8ef,PROLLS-23APR-T200000,150,2023-04-22T02:13:32.291917Z,77,23,yes
559,7f4ce84c-f011-44cf-92e1-aef978929b17,PROLLS-23APR-T200000,200,2023-04-22T02:13:32.291917Z,78,22,yes
560,b1d10c16-cd3a-4d0f-8f49-a280d6b3a962,PROLLS-23APR-T200000,100,2023-04-21T16:20:17.433377Z,74,26,yes
561,6a266378-1c87-421f-a889-47fcaa7f6dd9,PROLLS-23APR-T200000,200,2023-04-21T16:20:17.433377Z,75,25,yes
562,168cf095-7539-49fc-9157-02cc63479c67,PROLLS-23APR-T200000,50,2023-04-21T14:41:13.597212Z,69,31,no
563,a713373c-e9d6-4f3e-b906-34357318f41e,PROLLS-23APR-T200000,48,2023-04-21T01:21:49.358976Z,69,31,no
564,ed2e4a11-fe90-47e4-9ea6-2e53f3843a71,PROLLS-23APR-T200000,436,2023-04-20T23:18:57.952242Z,75,25,yes
565,f18f30ee-9dfb-42b2-9b47-40f806366591,PROLLS-23APR-T200000,200,2023-04-20T23:18:34.672114Z,74,26,yes
566,c8352974-81cb-4a33-aaf8-cf8f7bd9e5c8,PROLLS-23APR-T200000,50,2023-04-20T23:18:34.672114Z,75,25,yes
567,b8790a9e-58aa-4f2d-93cf-6ed8463185f5,PROLLS-23APR-T200000,500,2023-04-20T20:49:46.918581Z,72,28,yes
568,aa8abacd-ad37-46b9-920a-18f40c1e0a93,PROLLS-23APR-T200000,72,2023-04-20T20:49:46.918581Z,71,29,yes
569,158cd73c-c8f6-4027-815c-2789b919ef7c,PROLLS-23APR-T200000,120,2023-04-20T20:46:25.633066Z,64,36,no
570,12401137-125a-4867-bbc0-b1ef422b37c5,PROLLS-23APR-T200000,195,2023-04-20T20:46:25.633066Z,66,34,no
571,3254bc25-3988-49ca-9a51-8185bb0b9059,PROLLS-23APR-T200000,4,2023-04-20T12:24:14.325366Z,72,28,yes
572,06276673-28c2-45a6-af88-2156e0161125,PROLLS-23APR-T200000,36,2023-04-19T20:03:45.038488Z,67,33,yes
573,ebdb47b9-7e85-4ce9-b858-b77492e10697,PROLLS-23APR-T200000,5,2023-04-19T18:23:04.56183Z,66,34,no
574,5a379d9c-c2d7-4561-a2e6-6ee16438f1d3,PROLLS-23APR-T200000,100,2023-04-19T12:13:46.905873Z,66,34,no
575,2544d375-3caa-46c1-8269-ffce497504d5,PROLLS-23APR-T200000,92,2023-04-18T20:15:46.199139Z,68,32,no
576,2dd25e16-ff3f-4d14-99ca-f16caa189afc,PROLLS-23APR-T200000,108,2023-04-18T20:14:36.55325Z,68,32,no
577,f130c75a-5007-42cd-85b1-e549a6f41e62,PROLLS-23APR-T200000,50,2023-04-17T18:56:34.432208Z,66,34,yes
578,7885fa1f-2607-422d-a26d-e0bda5ae167f,PROLLS-23APR-T200000,500,2023-04-17T18:56:34.432208Z,66,34,yes
579,6120c044-b479-40a3-bb5a-5de9f99af5b8,PROLLS-23APR-T200000,392,2023-04-17T18:56:17.536633Z,65,35,yes
580,965bda85-aa40-4abd-96c1-889441a59e6d,PROLLS-23APR-T200000,108,2023-04-17T12:38:56.981473Z,65,35,yes
581,ae4889b3-5105-4cb6-9f75-756d65616ac3,PROLLS-23APR-T200000,50,2023-04-16T23:09:07.842157Z,65,35,yes
582,93100141-97bf-47a8-9f96-d746a29fc1af,PROLLS-23APR-T200000,10,2023-04-14T14:19:53.385167Z,65,35,yes
583,feb82c24-6a63-4090-ae0f-a2426684c640,PROLLS-23APR-T200000,500,2023-04-13T02:35:15.508066Z,64,36,yes
584,c3d9f765-2bb4-4046-8314-134e8cb3b9d7,PROLLS-23APR-T200000,300,2023-04-13T02:34:52.964239Z,61,39,yes
585,11b93c09-5622-4390-b3d2-4f8bd1e1e381,PROLLS-23APR-T200000,1000,2023-04-13T02:34:52.964239Z,63,37,yes
586,a271fef7-0ec6-445b-94ee-6922af2b2123,PROLLS-23APR-T200000,7,2023-04-11T23:22:00.15688Z,61,39,yes
587,05d8001b-4d35-40f6-a50c-d8ee736b22ba,PROLLS-23APR-T200000,331,2023-04-11T23:06:52.936209Z,57,43,no
588,e384b209-0f86-450f-85dd-f2fb886fdb5d,PROLLS-23APR-T200000,1,2023-04-10T19:43:18.815667Z,62,38,yes
589,99412ce4-6eb5-4843-9108-dce07870df70,PROLLS-23APR-T200000,10,2023-04-09T17:57:52.980454Z,65,35,yes
590,8dd902c6-33ad-43ac-bece-fc9decfacf6c,PROLLS-23APR-T200000,15,2023-04-07T16:55:49.369611Z,62,38,no
591,16451c88-ecc0-49cc-8e33-252e71f7db15,PROLLS-23APR-T200000,12,2023-04-07T16:55:33.482719Z,63,37,no
592,eb8a1985-c4a5-4869-88bd-a91349b7f0b9,PROLLS-23APR-T300000,33,2023-05-05T12:22:22.625993Z,14,86,yes
593,3f419db7-f8fb-438c-9220-6c0b35ba3ce7,PROLLS-23APR-T300000,25,2023-05-05T12:21:00.605969Z,9,91,no
594,9c9cc1b6-ad94-4bb0-923d-edfc32f42085,PROLLS-23APR-T300000,8,2023-05-05T12:10:32.299222Z,14,86,yes
595,688827d6-e470-47b3-b515-8f81fb470f2d,PROLLS-23APR-T300000,450,2023-05-04T23:54:20.013585Z,14,86,yes
596,8e08758d-78c1-48a4-97d1-d5c7c889a466,PROLLS-23APR-T300000,50,2023-05-04T22:02:57.959419Z,14,86,yes
597,184aab97-be9d-4b14-890e-92dfff0560d0,PROLLS-23APR-T300000,163,2023-05-04T17:28:52.419829Z,9,91,no
598,b5326f0f-4d70-4ae0-8dfa-0625eb6eee23,PROLLS-23APR-T300000,327,2023-05-04T16:34:16.897884Z,9,91,no
599,9be0fe6f-de3d-4224-8a67-5d3abbf6ba0c,PROLLS-23APR-T300000,100,2023-05-04T15:42:45.941215Z,10,90,no
600,a2c61ed1-b044-4120-8576-e8ff1f7c26df,PROLLS-23APR-T300000,100,2023-05-04T15:42:38.091931Z,10,90,no
601,eb87115e-d5e1-4abf-9ac5-3064bd34d6ee,PROLLS-23APR-T300000,25,2023-05-04T15:41:07.808387Z,11,89,no
602,eaafd8ae-6fcd-493e-811d-72330ed0f376,PROLLS-23APR-T300000,40,2023-05-04T15:41:07.808387Z,10,90,no
603,74fcb2fc-2595-4743-931e-cce23436c15b,PROLLS-23APR-T300000,35,2023-05-04T15:41:07.808387Z,11,89,no
604,f241fc10-2965-4845-8e4a-5badf34cbb68,PROLLS-23APR-T300000,25,2023-05-04T02:51:03.799345Z,12,88,no
605,58b8966f-9f53-4daf-8a25-25475260dc20,PROLLS-23APR-T300000,75,2023-05-04T02:51:03.799345Z,11,89,no
606,c04f82bb-a45a-4d3f-b370-ceb320f2970e,PROLLS-23APR-T300000,180,2023-05-03T21:11:59.538605Z,16,84,yes
607,6f7f166a-7442-48f2-9eb6-31d1e0560558,PROLLS-23APR-T300000,50,2023-05-03T21:04:27.392416Z,16,84,yes
608,286c656f-8ea2-4483-ba36-d5e65862d0f0,PROLLS-23APR-T300000,59,2023-05-03T18:51:39.739892Z,16,84,yes
609,d2a4cb6a-f1e6-4135-afea-49986774d696,PROLLS-23APR-T300000,40,2023-05-03T16:06:40.721628Z,16,84,yes
610,6f4eb422-8577-469b-8522-42b2f5149790,PROLLS-23APR-T300000,50,2023-05-03T16:06:40.721628Z,16,84,yes
611,be8093ba-106e-4390-88ed-a9065106fd83,PROLLS-23APR-T300000,10,2023-05-03T15:19:47.475202Z,16,84,yes
612,7d10ab1a-da55-4411-b693-6bbbe8b29299,PROLLS-23APR-T300000,88,2023-05-03T15:16:55.714161Z,10,90,no
613,754ae42b-a699-4da7-bc51-19507eb1ab7e,PROLLS-23APR-T300000,88,2023-05-03T15:16:33.968884Z,11,89,no
614,5ba09972-fdff-4001-9b0b-e19f08aa4a0b,PROLLS-23APR-T300000,10,2023-05-03T15:16:33.968884Z,10,90,no
615,f577b44e-effc-487d-a857-0f9a25435d07,PROLLS-23APR-T300000,10,2023-05-03T15:16:25.62166Z,12,88,no
616,bce70035-453d-4fcc-9ba3-be942400c2f5,PROLLS-23APR-T300000,12,2023-05-03T15:16:25.62166Z,11,89,no
617,236a9eac-50f7-4e88-9b9d-989fa6a2dd58,PROLLS-23APR-T300000,13,2023-05-03T15:16:13.178035Z,12,88,no
618,e4751732-4d37-496a-ae0c-a8ba84046c56,PROLLS-23APR-T300000,67,2023-05-03T15:15:02.873431Z,12,88,no
619,c4742fa3-8fa7-42a6-9bed-22abd7a5b71e,PROLLS-23APR-T300000,110,2023-05-03T15:07:49.75767Z,16,84,yes
620,47947612-1883-4e68-948c-c1435d861dc1,PROLLS-23APR-T300000,90,2023-05-03T15:07:49.75767Z,15,85,yes
621,2e2f30c5-0862-4686-a84b-6b72540f27b1,PROLLS-23APR-T300000,6,2023-05-03T14:56:28.950639Z,15,85,yes
622,cf4baa59-28e0-4e5f-b96a-27bc3680c7ed,PROLLS-23APR-T300000,3,2023-05-03T14:56:09.679914Z,15,85,yes
623,e549084e-a948-4188-8061-aa086d30e902,PROLLS-23APR-T300000,25,2023-05-02T20:55:16.759847Z,16,84,yes
624,85ace12a-a4d2-4500-b4cf-4436e759285d,PROLLS-23APR-T300000,200,2023-05-02T17:00:40.786994Z,10,90,no
625,a219d257-1006-4332-a544-cfba30e53ed4,PROLLS-23APR-T300000,30,2023-05-02T16:07:48.552575Z,16,84,yes
626,44dfebc9-4185-430d-87a2-20a759dfe2e8,PROLLS-23APR-T300000,5,2023-05-02T12:45:44.905932Z,10,90,no
627,ca70c101-b3ca-4bb0-a365-d9479c9bbcca,PROLLS-23APR-T300000,100,2023-05-02T03:46:57.585996Z,11,89,no
628,3f67a40a-1d65-4fa8-8341-9d1b5201a7cd,PROLLS-23APR-T300000,120,2023-04-30T13:41:03.981031Z,11,89,no
629,6771e321-90f8-4638-b1fe-050ade137d76,PROLLS-23APR-T300000,18,2023-04-28T16:23:17.562317Z,18,82,yes
630,70feb63d-484e-4f3a-970d-13adbe019988,PROLLS-23APR-T300000,100,2023-04-28T15:31:56.627129Z,12,88,no
631,8657863c-ea41-4a42-8de5-6409f6cf5d10,PROLLS-23APR-T300000,3,2023-04-28T13:33:37.846749Z,18,82,yes
632,53c34977-52bb-47a3-ad29-3fa873d0045b,PROLLS-23APR-T300000,1,2023-04-25T18:46:57.281248Z,18,82,yes
633,3f874c65-b9bc-45bd-810f-4a417daccb69,PROLLS-23APR-T300000,20,2023-04-24T18:34:10.884066Z,15,85,no
634,0c564adc-3792-4c49-bfe2-42941d3ed0c6,PROLLS-23APR-T300000,122,2023-04-24T16:20:20.800532Z,15,85,no
635,da47f4b4-3a45-40cd-8273-90df4c4b403a,PROLLS-23APR-T300000,1,2023-04-23T22:05:15.049975Z,19,81,no
636,b2d8d360-13ee-4307-aba0-0c1520ff8652,PROLLS-23APR-T300000,122,2023-04-23T15:08:39.25758Z,19,81,no
637,19b7b827-e983-4d09-8e92-78f2c77c6a53,PROLLS-23APR-T300000,122,2023-04-22T15:23:14.957049Z,19,81,no
638,8a940108-b064-4b2e-a556-aa8baed9d43a,PROLLS-23APR-T300000,18,2023-04-21T22:56:30.733795Z,19,81,no
639,a2d28bac-4f42-4e17-b3cb-9af82059a8ac,PROLLS-23APR-T300000,121,2023-04-19T15:25:58.933301Z,18,82,no
640,8b7082a4-a18b-4e0c-be9e-431c5676fc84,PROLLS-23APR-T300000,100,2023-04-19T12:13:24.89908Z,18,82,no
641,562d639b-6ceb-424e-aeff-b46da03aa6d2,PROLLS-23APR-T300000,100,2023-04-18T20:16:21.741432Z,18,82,no
642,fd342ec6-8a70-491f-8b17-e6abaf5a0512,PROLLS-23APR-T300000,82,2023-04-12T20:36:07.475751Z,18,82,no
643,cce8333a-956d-42c5-bc8c-33a6400b0ef1,PROLLS-23APR-T300000,9,2023-04-12T20:35:23.247998Z,18,82,no
644,fddd0f14-7725-48da-a959-d4faf2015ba5,PROLLS-23APR-T300000,121,2023-04-12T02:44:40.636085Z,18,82,no
645,7d10716e-3d38-45e0-8f27-78005b475e8c,PROLLS-23APR-T300000,21,2023-04-11T23:22:16.726854Z,22,78,yes
646,17e3881e-087b-4324-ab65-8e702d091244,PROLLS-23APR-T300000,10,2023-04-10T22:32:01.328429Z,22,78,yes
647,063d917d-53f8-4e7c-80e6-e77a5f5ac01c,PROLLS-23APR-T300000,5,2023-04-10T17:32:28.435276Z,19,81,yes
648,60b0f228-509c-4884-bde2-2c1b999eb122,PROLLS-23APR-T300000,3,2023-04-08T23:13:14.615315Z,20,80,no
649,9f688869-38a8-4b4b-8344-e594b5b60694,PROLLS-23APR-T400000,450,2023-05-05T01:47:23.355248Z,1,99,no
650,33476578-f261-4110-ad0e-c9ca604c0a8f,PROLLS-23APR-T400000,185,2023-05-05T01:47:23.355248Z,1,99,no
651,84f58afb-284a-48fe-9bf7-9134d4140883,PROLLS-23APR-T400000,50,2023-05-04T20:50:47.022636Z,3,97,yes
652,20c3d5b3-a055-4d64-85dc-44a8067a440f,PROLLS-23APR-T400000,5,2023-05-04T13:11:31.231181Z,1,99,no
653,54742d59-8f19-448b-9412-9cbc89b7699e,PROLLS-23APR-T400000,100,2023-05-04T00:01:29.108236Z,3,97,yes
654,eb55e111-8033-4a7e-b45f-ff36c0b41ef0,PROLLS-23APR-T400000,5,2023-05-03T15:26:49.438805Z,5,95,yes
655,bca80263-a3cd-4773-97c5-6adf7f4e94e4,PROLLS-23APR-T400000,10,2023-05-02T12:57:15.596568Z,1,99,no
656,8e2296f1-e282-4d4a-88c1-ad321dc53ae0,PROLLS-23APR-T400000,51,2023-04-24T19:41:41.699563Z,3,97,no
657,98de7855-44c8-4e8f-a019-1d74f7940e31,PROLLS-23APR-T400000,55,2023-04-22T03:05:15.513376Z,5,95,no
658,2ae59ce4-d6fe-4db6-9321-753da908f01f,PROLLS-23APR-T400000,5,2023-04-17T15:35:00.239449Z,5,95,no
659,10816a15-b97f-4cc6-a9f6-dfa27af01050,PROLLS-23APR-T500000,10,2023-05-04T14:55:18.523106Z,1,99,yes
660,7bf49d04-d7f0-43df-bcf4-57bf94dd63f4,PROLLS-23APR-T500000,50,2023-04-29T02:59:19.94902Z,1,99,no
661,e7253a8b-1bd5-458b-b22f-4e0eaa4a820b,PROLLS-23APR-T500000,1,2023-04-15T16:39:45.095132Z,2,98,no
662,a3c78d2c-50ec-4ffd-acd7-69ec6f73cde0,PROLLS-23APR-T500000,60,2023-04-13T17:39:51.773874Z,2,98,no
663,5c0b15a3-5ff3-42d4-895a-7b5c7b902c93,PROLLS-23APR-T500000,30,2023-04-07T15:24:55.807581Z,5,95,no
664,621c5a22-0c2d-4d6b-b76d-f3ff08761bea,PROLLS-23APR-T500000,30,2023-04-07T15:24:47.332725Z,5,95,no
665,d21f939f-cef8-4302-9a4c-d69768151b49,PROLLS-23MAY-T0,59,2023-06-01T15:37:41.185975Z,98,2,no
666,afbdb9fb-2984-4258-b2f5-14d0d7835534,PROLLS-23MAY-T0,8,2023-06-01T15:37:41.185975Z,98,2,no
667,8f592f92-0d0c-483c-8e02-58f05fc35afb,PROLLS-23MAY-T0,8,2023-06-01T15:37:41.185975Z,98,2,no
668,73f4590c-bdff-4bd0-99f9-1b02e0e75442,PROLLS-23MAY-T0,347,2023-06-01T15:37:41.185975Z,98,2,no
669,695c64c0-65f6-47e3-b970-317f07f1a694,PROLLS-23MAY-T0,8,2023-06-01T15:37:41.185975Z,98,2,no
670,3c99a91d-0439-4494-936e-339ffc4d3b69,PROLLS-23MAY-T0,500,2023-06-01T15:37:41.185975Z,98,2,no
671,1ff5dce2-d745-4c09-a154-9b3b59f86f56,PROLLS-23MAY-T0,8,2023-06-01T15:37:41.185975Z,98,2,no
672,074645ec-e1a6-4cb6-908c-8c647acd986d,PROLLS-23MAY-T0,157,2023-06-01T15:37:41.185975Z,98,2,no
673,d3abeed4-dd7d-4839-83f4-ebba2f17653f,PROLLS-23MAY-T0,50,2023-05-18T20:12:09.402475Z,97,3,yes
674,05c6b285-7a7c-4446-a2ad-41917b3124f9,PROLLS-23MAY-T0,52,2023-05-18T20:12:09.402475Z,98,2,yes
675,fd02dee7-67ed-4b82-b734-7cccb36879c0,PROLLS-23MAY-T0,1,2023-05-15T18:39:39.048992Z,97,3,yes
676,b6c13101-afe4-42b1-8739-c1d0131c9866,PROLLS-23MAY-T0,100,2023-05-08T17:27:15.763132Z,98,2,yes
677,8aacd689-b2d0-46c1-a219-1cedd21a0d32,PROLLS-23MAY-T0,100,2023-05-08T17:27:03.550734Z,98,2,yes
678,784da381-8e61-4e0f-9558-5fc2f210671d,PROLLS-23MAY-T0,30,2023-05-08T17:26:56.562909Z,97,3,yes
679,bfbca2c3-f354-425f-9d7d-c1195aae80cc,PROLLS-23MAY-T100000,2,2023-06-01T19:08:32.778165Z,95,5,yes
680,d2a03fb1-bd36-4691-bd08-96d2e2d6f6f9,PROLLS-23MAY-T100000,10,2023-06-01T17:41:22.748782Z,94,6,yes
681,f4ddae62-a240-47b6-b550-1868caf20d2d,PROLLS-23MAY-T100000,4,2023-06-01T16:42:12.759962Z,94,6,yes
682,e363a13a-358c-420c-969c-f3341e40f922,PROLLS-23MAY-T100000,76,2023-06-01T16:42:12.759962Z,94,6,yes
683,e0f647e8-3a27-4770-8db6-d83f969b2e72,PROLLS-23MAY-T100000,2,2023-06-01T16:42:12.759962Z,94,6,yes
684,c7dfcf59-48d5-445c-90a0-8c396f44b755,PROLLS-23MAY-T100000,8,2023-06-01T16:42:12.759962Z,95,5,yes
685,fac3b6f2-e266-42aa-9eb2-93e0c9b1c0f2,PROLLS-23MAY-T100000,4,2023-06-01T15:46:24.27506Z,94,6,yes
686,c3514e5b-93fd-4b4f-b75a-68b48dbf06cf,PROLLS-23MAY-T100000,10,2023-06-01T15:14:38.67287Z,94,6,yes
687,a54c0f6e-22f2-43f3-b990-626028be4071,PROLLS-23MAY-T100000,10,2023-06-01T14:58:57.607291Z,95,5,yes
688,0e1698cd-eed0-4853-b398-c6cb8609264f,PROLLS-23MAY-T100000,40,2023-06-01T14:36:44.461602Z,94,6,yes
689,6fc96c89-020d-40c3-bb37-020da6d81a27,PROLLS-23MAY-T100000,25,2023-06-01T13:40:05.044851Z,94,6,yes
690,7b0f5fd7-e4b0-4171-bf01-9c25b27daa6e,PROLLS-23MAY-T100000,1,2023-06-01T02:21:56.742089Z,93,7,yes
691,584c034e-44be-4456-8d9c-4acf8fa94e80,PROLLS-23MAY-T100000,72,2023-05-31T03:17:04.696992Z,87,13,no
692,46c2abaf-c061-4bb1-9227-a64757eb8cec,PROLLS-23MAY-T100000,675,2023-05-30T21:43:24.732089Z,91,9,yes
693,c1a5afcd-e7f1-413e-a4ca-602159a408dc,PROLLS-23MAY-T100000,1,2023-05-26T16:31:27.268211Z,91,9,yes
694,ff6f77fc-4e1c-4e2a-81ae-d4c84c2f718e,PROLLS-23MAY-T100000,20,2023-05-25T00:50:11.095801Z,91,9,yes
695,f69d461e-7455-4a0f-a5ce-4e931d7eaf57,PROLLS-23MAY-T100000,1,2023-05-25T00:47:27.614564Z,91,9,yes
696,d4930003-0ffb-4a87-8c63-ff235a917635,PROLLS-23MAY-T100000,5,2023-05-25T00:21:54.816526Z,91,9,yes
697,ee77041e-cb2c-4191-8b8c-baa55492c00a,PROLLS-23MAY-T100000,1,2023-05-24T02:52:53.11321Z,90,10,yes
698,b44e65ca-a55e-447a-998d-688feb002aa9,PROLLS-23MAY-T100000,250,2023-05-22T01:32:19.560525Z,88,12,yes
699,74146c02-11a8-40bd-a801-b7e741abe7a1,PROLLS-23MAY-T100000,74,2023-05-22T01:32:19.560525Z,87,13,yes
700,5867da50-f640-450c-ab85-009c5862667d,PROLLS-23MAY-T100000,143,2023-05-22T01:32:19.560525Z,89,11,yes
701,7643dcb7-26f0-462e-adb1-2319602c6092,PROLLS-23MAY-T100000,1,2023-05-22T01:26:57.959888Z,87,13,yes
702,1069ad2d-e2ad-47be-b940-35e71f232e7e,PROLLS-23MAY-T100000,11,2023-05-19T15:58:26.06358Z,89,11,yes
703,b6c7d6cf-b469-4d66-a305-9cfafae55b30,PROLLS-23MAY-T100000,10,2023-05-18T16:20:12.582474Z,89,11,yes
704,27e77bfb-8cdf-4f0f-a18b-3a566e4f128f,PROLLS-23MAY-T100000,40,2023-05-17T23:04:00.529844Z,88,12,yes
705,f6ac96b2-40f9-498b-a6f5-24bb6aa7f94a,PROLLS-23MAY-T100000,10,2023-05-17T15:07:45.518413Z,88,12,yes
706,6e7a5c14-dea7-4dda-bff5-fa8959a9e30c,PROLLS-23MAY-T100000,2,2023-05-16T20:10:47.226015Z,88,12,yes
707,a358bf10-7074-4915-be2f-2a68197f52ba,PROLLS-23MAY-T100000,36,2023-05-16T18:30:56.051774Z,87,13,yes
708,59f0ca31-3b94-470a-9014-f8ea22214282,PROLLS-23MAY-T100000,128,2023-05-16T18:30:56.051774Z,88,12,yes
709,e486dfe0-11af-43b4-b95f-085bbb11c774,PROLLS-23MAY-T100000,34,2023-05-16T16:56:25.782786Z,87,13,yes
710,0da3d615-3a03-4619-b10e-7bf98b23a786,PROLLS-23MAY-T100000,5,2023-05-16T01:41:25.60529Z,87,13,yes
711,9ce642c1-e27c-4f64-bcb7-34ef8f13f5b9,PROLLS-23MAY-T100000,1,2023-05-16T00:46:34.165329Z,87,13,yes
712,576d4a70-56b2-45aa-a319-0529cf6f0a1b,PROLLS-23MAY-T100000,17,2023-05-15T23:19:32.213983Z,87,13,yes
713,c8287da8-64c2-4f19-a51f-97bc8269406e,PROLLS-23MAY-T100000,5,2023-05-15T18:34:21.652706Z,87,13,yes
714,9e721868-4e87-4f22-9517-b0e2fd83176c,PROLLS-23MAY-T100000,10,2023-05-14T16:36:04.795967Z,87,13,yes
715,bdba983a-81c9-4671-a398-fb8a9d7d7dd7,PROLLS-23MAY-T100000,1,2023-05-13T03:07:44.491929Z,87,13,yes
716,67c4d6da-68d0-43a0-9fea-85364e1aa876,PROLLS-23MAY-T100000,90,2023-05-12T18:06:20.200363Z,82,18,no
717,08148bef-4fb5-46d4-9217-690fa7af411e,PROLLS-23MAY-T100000,17,2023-05-12T12:41:57.639681Z,86,14,yes
718,e894dc7b-21ca-45e1-91ae-3c7477bac651,PROLLS-23MAY-T100000,23,2023-05-11T13:34:24.687656Z,88,12,yes
719,c8d081a3-5ba2-4a5a-a005-4084d66927c3,PROLLS-23MAY-T100000,1,2023-05-09T01:32:51.40977Z,94,6,yes
720,958b5913-10d8-475b-8460-afffb68b2d6c,PROLLS-23MAY-T100000,10,2023-05-05T18:03:31.300539Z,88,12,yes
721,624ef699-df68-4786-a382-f563a88cecea,PROLLS-23MAY-T100000,10,2023-05-05T18:03:27.055941Z,87,13,yes
722,927f9c57-75fe-4b56-a7d3-09095463c1d4,PROLLS-23MAY-T100000,24,2023-05-05T18:01:38.589888Z,83,17,yes
723,90fe03c3-d62e-4c38-accd-8d159bd88209,PROLLS-23MAY-T100000,15,2023-05-05T18:01:06.183959Z,82,18,yes
724,45d0c477-a5cf-482b-b4cc-1c6fe2534f28,PROLLS-23MAY-T100000,30,2023-05-05T18:00:58.427014Z,82,18,yes
725,1ec38907-d9a0-49b7-9748-2ac4dca9a5d7,PROLLS-23MAY-T100000,12,2023-05-05T18:00:54.057778Z,80,20,yes
726,507ac6f3-35d3-4ef3-b685-d53159fd7ba4,PROLLS-23MAY-T100000,30,2023-05-05T18:00:30.268569Z,80,20,yes
727,d365e229-29f8-4718-9e59-b61f25cef061,PROLLS-23MAY-T100000,20,2023-05-05T18:00:27.04263Z,78,22,yes
728,97759060-fc75-4a09-a867-837944aedf68,PROLLS-23MAY-T100000,1,2023-05-05T16:31:40.091103Z,78,22,yes
729,5f7bf49e-22d9-4b08-9e2c-cddafffe1654,PROLLS-23MAY-T200000,51,2023-06-02T12:22:41.402166Z,57,43,yes
730,44bf4505-dbcb-4fb3-aee2-17630c72546b,PROLLS-23MAY-T200000,375,2023-06-02T12:17:14.372749Z,52,48,no
731,64549325-3188-476d-9c06-302c5018b740,PROLLS-23MAY-T200000,75,2023-06-02T12:16:36.897024Z,53,47,no
732,c73aa8e7-8400-47a3-937f-3dc67cf894ef,PROLLS-23MAY-T200000,107,2023-06-02T12:07:36.298873Z,60,40,no
733,4c6f186a-c1cd-4422-8fd8-2064ca944beb,PROLLS-23MAY-T200000,25,2023-06-02T12:07:36.298873Z,58,42,no
734,a28204fe-5ade-48ed-9528-f631dd0981d0,PROLLS-23MAY-T200000,30,2023-06-02T12:05:41.016182Z,65,35,yes
735,9e36242d-fc26-4707-a5fa-9c2a7b848e88,PROLLS-23MAY-T200000,23,2023-06-02T12:00:29.588639Z,60,40,no
736,ed0564fc-3ba8-4eb8-9c85-b4ca8dce7cc4,PROLLS-23MAY-T200000,10,2023-06-02T00:49:26.102693Z,61,39,no
737,1fe902d9-7f5d-4a33-aa02-ff0c92285d04,PROLLS-23MAY-T200000,10,2023-06-01T20:52:57.934028Z,63,37,no
738,ebdb3f04-2bda-479a-b613-40d98dc2797b,PROLLS-23MAY-T200000,6,2023-06-01T17:40:54.899474Z,66,34,yes
739,e0c9ed44-19a9-4025-8a20-85dd53c0ce12,PROLLS-23MAY-T200000,4,2023-06-01T17:37:40.436177Z,64,36,no
740,d6417f58-17b2-4761-85cb-f066332cce55,PROLLS-23MAY-T200000,1,2023-06-01T17:37:40.436177Z,62,38,no
741,c603e19f-b2c3-473a-ba5e-f5cf8d7cc465,PROLLS-23MAY-T200000,20,2023-06-01T17:37:40.436177Z,64,36,no
742,c32da1e9-ade0-4800-b55a-bf9635dab76a,PROLLS-23MAY-T200000,1,2023-06-01T17:37:40.436177Z,63,37,no
743,c0458a2b-0d72-4c1e-82d4-082493ac03b2,PROLLS-23MAY-T200000,1,2023-06-01T17:37:40.436177Z,63,37,no
744,b6f886b2-786c-4150-aea1-cb6dd449ee9d,PROLLS-23MAY-T200000,1,2023-06-01T17:37:40.436177Z,62,38,no
745,6dcdeac1-799f-4b00-8227-87063ca9a730,PROLLS-23MAY-T200000,50,2023-06-01T17:37:40.436177Z,62,38,no
746,2618e618-c5f6-4114-ba07-9bc18cfd4304,PROLLS-23MAY-T200000,100,2023-06-01T17:37:40.436177Z,62,38,no
747,0003ed56-e3a7-4819-b8aa-396d35704c8e,PROLLS-23MAY-T200000,2,2023-06-01T17:37:40.436177Z,63,37,no
748,a6943d08-e1b8-47fa-8367-7ede121023f1,PROLLS-23MAY-T200000,1,2023-06-01T16:42:09.607009Z,68,32,yes
749,713ca1bb-bcb9-4b42-93a7-9bee2d0e250f,PROLLS-23MAY-T200000,2,2023-06-01T16:42:09.607009Z,68,32,yes
750,65aeb9d6-7297-46ce-a405-3171ca429385,PROLLS-23MAY-T200000,20,2023-06-01T16:42:09.607009Z,68,32,yes
751,49f20621-5139-4e70-af5c-2d2bd59481d1,PROLLS-23MAY-T200000,2,2023-06-01T16:42:09.607009Z,69,31,yes
752,c4167b53-35ba-49c0-bb7c-24da35e8fbc2,PROLLS-23MAY-T200000,21,2023-06-01T13:41:57.786202Z,64,36,no
753,72536370-58b3-4fff-8d03-aaee9782a26d,PROLLS-23MAY-T200000,15,2023-06-01T13:26:52.474447Z,69,31,yes
754,f193886c-7fbc-49f7-bb26-96fe97fffdaf,PROLLS-23MAY-T200000,25,2023-06-01T12:18:50.582376Z,69,31,yes
755,ec0fb773-d698-43fb-a016-fa58b09d37e8,PROLLS-23MAY-T200000,1,2023-06-01T03:43:59.627697Z,64,36,yes
756,d76c0687-6877-44d8-84c3-f2d873a1ab93,PROLLS-23MAY-T200000,125,2023-06-01T03:43:59.627697Z,64,36,yes
757,4bbd1248-a55e-4043-868b-1ffc0f1fddd8,PROLLS-23MAY-T200000,4,2023-06-01T03:43:59.627697Z,64,36,yes
758,38093131-9975-4545-838d-359abce25966,PROLLS-23MAY-T200000,2,2023-06-01T03:43:59.627697Z,64,36,yes
759,09d00483-8d62-4f4b-b1f4-9b3ea316c068,PROLLS-23MAY-T200000,3,2023-06-01T03:43:59.627697Z,64,36,yes
760,93a3540e-2528-4187-91e9-c00ccdaf6568,PROLLS-23MAY-T200000,4,2023-06-01T02:58:12.765598Z,63,37,yes
761,9080cfa8-8c14-4e8e-861a-2078d401716a,PROLLS-23MAY-T200000,1,2023-06-01T02:58:12.765598Z,63,37,yes
762,6301399c-2105-42be-8b7b-c72760f5548a,PROLLS-23MAY-T200000,100,2023-06-01T02:58:12.765598Z,63,37,yes
763,2053f01f-6ab5-48cc-bc44-9455872383c2,PROLLS-23MAY-T200000,2,2023-06-01T02:58:12.765598Z,63,37,yes
764,01f32f54-7fda-4108-ac5e-fd63805cf06d,PROLLS-23MAY-T200000,2,2023-06-01T02:58:12.765598Z,63,37,yes
765,129710a0-441a-470c-b1ff-3262351f78e4,PROLLS-23MAY-T200000,1,2023-06-01T02:22:05.926334Z,63,37,yes
766,c223fcfb-191e-4f80-9ebc-c4df644f8748,PROLLS-23MAY-T200000,3,2023-06-01T01:28:32.479208Z,63,37,yes
767,d87b31b5-25d0-4fe6-bf3c-5f3196e3de79,PROLLS-23MAY-T200000,38,2023-06-01T01:24:41.9637Z,63,37,yes
768,206c6e1d-2a7f-4d92-8a04-356318e8e92b,PROLLS-23MAY-T200000,271,2023-06-01T01:24:41.9637Z,63,37,yes
769,93098902-abac-4930-9003-45344a86904c,PROLLS-23MAY-T200000,100,2023-06-01T01:11:53.971764Z,62,38,yes
770,41a246e5-787b-4ed8-8939-bc35a11cdae1,PROLLS-23MAY-T200000,87,2023-06-01T01:11:53.971764Z,63,37,yes
771,be7310c4-af27-409d-8d3b-d1dd825aec5a,PROLLS-23MAY-T200000,132,2023-05-31T23:02:03.747338Z,63,37,yes
772,9c62882c-0bd2-4a72-81c0-11949706ce71,PROLLS-23MAY-T200000,23,2023-05-31T23:02:03.747338Z,61,39,yes
773,e5810db4-052f-4a17-a7c8-f1106c5c8ed3,PROLLS-23MAY-T200000,2,2023-05-31T20:36:38.108669Z,61,39,yes
774,d9331cdf-68a7-47f1-b620-3b58b689967e,PROLLS-23MAY-T200000,50,2023-05-31T19:32:32.869269Z,61,39,yes
775,1705d019-6db1-4100-94f7-171df6525809,PROLLS-23MAY-T200000,14,2023-05-31T19:32:00.699276Z,57,43,yes
776,d72beca9-0fed-4e45-b1d1-a6a42581ec0d,PROLLS-23MAY-T200000,11,2023-05-31T15:41:02.285794Z,55,45,yes
777,8f2b76ce-2e8d-4612-9d23-04e72982e8c0,PROLLS-23MAY-T200000,178,2023-05-31T15:17:15.647321Z,54,46,no
778,a2216b44-7b1c-45fa-bc05-ff6e03f0688f,PROLLS-23MAY-T200000,50,2023-05-31T13:42:40.922963Z,55,45,no
779,d88bae69-3b19-4be8-ac45-82c819826f0d,PROLLS-23MAY-T200000,25,2023-05-29T15:07:16.252954Z,54,46,no
780,2d310e07-0abe-4e68-b592-10a54406b567,PROLLS-23MAY-T200000,10,2023-05-28T15:31:03.216206Z,57,43,yes
781,da18ed2a-b0a7-44fa-bc15-868e70bceb74,PROLLS-23MAY-T200000,24,2023-05-26T12:42:52.79713Z,55,45,no
782,f0d734e1-fbd1-4d95-a5f0-50f42acc1d84,PROLLS-23MAY-T200000,24,2023-05-25T22:01:34.99783Z,58,42,no
783,02e2f16a-b6c6-45fd-9a01-0534efdd6728,PROLLS-23MAY-T200000,24,2023-05-24T21:00:53.664875Z,59,41,yes
784,028ad674-547e-4fe2-b167-7ffdc4a914d9,PROLLS-23MAY-T200000,26,2023-05-24T15:58:11.108852Z,55,45,no
785,64dce366-58d4-4a06-8c8e-cad847bc7a0f,PROLLS-23MAY-T200000,374,2023-05-24T03:23:08.580204Z,58,42,yes
786,169382a4-0663-4ffd-8e11-a7adfccc8812,PROLLS-23MAY-T200000,1,2023-05-23T22:41:55.587403Z,58,42,yes
787,44634e6d-45a6-4d19-b88c-3eaf09f2ff18,PROLLS-23MAY-T200000,25,2023-05-22T15:57:56.912377Z,56,44,no
788,4edb88e8-e743-4298-a7fa-9609b53ac4af,PROLLS-23MAY-T200000,1,2023-05-22T01:27:07.526124Z,60,40,yes
789,b7dc4acb-8f23-43a6-bdad-6752752cc05f,PROLLS-23MAY-T200000,100,2023-05-22T01:17:40.354595Z,55,45,no
790,0f38e756-9c5e-4321-99f5-9401ce2d3cfd,PROLLS-23MAY-T200000,125,2023-05-22T00:41:05.159062Z,56,44,no
791,e4343233-4944-40ac-932d-45b31c17d40f,PROLLS-23MAY-T200000,125,2023-05-22T00:40:46.433935Z,56,44,no
792,5ce28c0d-5d20-42c0-9685-19448d560775,PROLLS-23MAY-T200000,60,2023-05-22T00:40:46.433935Z,56,44,no
793,d60246ee-fc3b-4eef-890f-101fc082e13a,PROLLS-23MAY-T200000,125,2023-05-22T00:40:30.873548Z,57,43,no
794,fc534e8b-abc2-493c-93ec-9e58b55b4a54,PROLLS-23MAY-T200000,50,2023-05-22T00:40:11.743218Z,59,41,no
795,a128c894-8664-4e3d-b0dd-649c5548fffb,PROLLS-23MAY-T200000,10,2023-05-19T22:33:32.817357Z,61,39,no
796,704e35af-95e4-4bbb-8f99-5b90bf5cead0,PROLLS-23MAY-T200000,10,2023-05-19T12:20:20.632191Z,63,37,yes
797,874078c1-164b-4241-aea2-3f471c09d94c,PROLLS-23MAY-T200000,2,2023-05-18T00:16:45.365981Z,63,37,yes
798,2506a90b-beb8-4c3f-b7b3-c1f5a0f79ff3,PROLLS-23MAY-T200000,25,2023-05-17T03:19:23.625037Z,61,39,yes
799,27906c70-d9aa-4018-b7df-02a801069b71,PROLLS-23MAY-T200000,6,2023-05-16T22:49:11.794906Z,63,37,yes
800,4dc649dd-85e1-422e-8f00-09078e7a8c8e,PROLLS-23MAY-T200000,4,2023-05-16T18:03:00.831254Z,63,37,yes
801,a9ff04c1-ebd6-4363-94eb-09dbc318dcb0,PROLLS-23MAY-T200000,1,2023-05-16T00:46:42.711625Z,63,37,yes
802,5d76822d-baef-477e-a98b-5d7595c7730a,PROLLS-23MAY-T200000,180,2023-05-12T20:23:07.883523Z,62,38,yes
803,f8b162e7-dafe-4bb0-a56a-2eeaf8887dab,PROLLS-23MAY-T200000,90,2023-05-12T20:22:59.291943Z,60,40,yes
804,fb48ab09-9e43-462c-87d4-b3ca45864e00,PROLLS-23MAY-T200000,18,2023-05-12T20:22:46.348801Z,59,41,yes
805,cde7400e-835a-4da1-932b-93f50193e6de,PROLLS-23MAY-T200000,18,2023-05-11T19:48:27.340567Z,60,40,yes
806,a78e4f84-cf6d-40db-99e6-154a9844d017,PROLLS-23MAY-T200000,8,2023-05-11T15:43:44.817158Z,60,40,yes
807,e1f8b48f-c527-4130-ac30-73efbfb81ddb,PROLLS-23MAY-T200000,12,2023-05-11T13:34:32.860654Z,60,40,yes
808,c56677f9-2586-4151-8ba4-034ebed9d05d,PROLLS-23MAY-T200000,12,2023-05-11T13:33:52.643624Z,60,40,no
809,b3b80ee1-7d15-4367-b5c8-80235457635b,PROLLS-23MAY-T200000,100,2023-05-11T13:17:44.361319Z,65,35,no
810,9ae8566e-2a5c-48e9-a990-0a5adfcd3a60,PROLLS-23MAY-T200000,20,2023-05-11T13:17:44.361319Z,65,35,no
811,6a00a864-12b6-432c-ae05-11d949a19502,PROLLS-23MAY-T200000,48,2023-05-10T20:59:04.573538Z,71,29,no
812,22bf1d5e-10d2-4c07-ba3c-51ce01b5562d,PROLLS-23MAY-T200000,120,2023-05-10T20:59:04.573538Z,69,31,no
813,384d487f-7246-4d9f-99c5-97d1561f181d,PROLLS-23MAY-T200000,48,2023-05-10T15:50:10.437032Z,73,27,no
814,681db755-5da6-4bc5-9463-968e895924ae,PROLLS-23MAY-T200000,9,2023-05-09T16:28:06.743661Z,76,24,yes
815,9e9f5e33-773d-4d93-bd0c-4dd32a144b98,PROLLS-23MAY-T200000,14,2023-05-09T12:07:49.580615Z,74,26,yes
816,ad926521-1015-4227-9340-754431f653bf,PROLLS-23MAY-T200000,26,2023-05-09T00:33:13.80788Z,74,26,yes
817,18488e26-9e84-40f2-8573-2b4cd55e6893,PROLLS-23MAY-T200000,10,2023-05-08T17:27:25.807213Z,74,26,yes
818,0d55cd2f-e0f4-480e-9d5f-ea7b9e3c3da0,PROLLS-23MAY-T200000,10,2023-05-08T17:27:06.372708Z,74,26,yes
819,cb42e202-321b-4d32-9ec3-28686b13f1b8,PROLLS-23MAY-T200000,10,2023-05-08T02:03:45.695324Z,73,27,yes
820,9f99d3a5-1f0d-4eb7-a0c0-724720986870,PROLLS-23MAY-T200000,100,2023-05-08T02:03:45.695324Z,75,25,yes
821,9498ee15-76ae-41de-a19a-a7ccc12eef65,PROLLS-23MAY-T200000,10,2023-05-08T02:03:45.695324Z,75,25,yes
822,11a7b72c-9118-4466-b225-4eb33f1c21dc,PROLLS-23MAY-T200000,10,2023-05-08T02:03:28.118683Z,72,28,yes
823,828b5126-b73c-48bb-af31-3ad371b6d13e,PROLLS-23MAY-T200000,10,2023-05-08T02:02:00.573296Z,69,31,yes
824,d450fbf2-36ea-43fa-8f40-aff638744eaa,PROLLS-23MAY-T200000,10,2023-05-08T02:01:53.214076Z,66,34,yes
825,f30106e2-4599-4961-aaa7-f4c446247da8,PROLLS-23MAY-T200000,10,2023-05-08T02:01:45.696557Z,64,36,yes
826,a14b91be-9286-480c-b27e-22e5797bda32,PROLLS-23MAY-T200000,49,2023-05-08T02:01:45.696557Z,64,36,yes
827,660983e2-ed91-46f8-8d0a-49bc7db3f889,PROLLS-23MAY-T200000,150,2023-05-08T02:00:55.558808Z,63,37,yes
828,5e5f6fbf-eb3b-4e51-9676-0e9f948acdac,PROLLS-23MAY-T200000,80,2023-05-07T19:51:45.062012Z,61,39,no
829,33142cb9-2db5-4900-9066-c539cf37f064,PROLLS-23MAY-T200000,40,2023-05-07T19:51:45.062012Z,61,39,no
830,7d52fec7-87e0-4b00-9526-0d6f9aa86563,PROLLS-23MAY-T200000,1,2023-05-06T18:56:20.650492Z,64,36,yes
831,743bc948-4369-449f-b462-85970420cc74,PROLLS-23MAY-T200000,10,2023-05-05T19:23:14.316988Z,61,39,no
832,5cb3f8b4-c756-4d78-a99a-b08ee9d0fbc7,PROLLS-23MAY-T200000,100,2023-05-05T18:06:54.043742Z,70,30,yes
833,d285f887-7d7a-453a-b891-a61e72f709cb,PROLLS-23MAY-T200000,10,2023-05-05T18:06:51.237596Z,69,31,yes
834,55e2f44c-3ef2-4442-9f5a-fe01d20756f6,PROLLS-23MAY-T200000,50,2023-05-05T18:05:02.758901Z,67,33,yes
835,67df3ec4-8197-458e-88ba-084bf048acb6,PROLLS-23MAY-T200000,10,2023-05-05T18:03:58.549082Z,66,34,yes
836,08ccfd40-1044-4e27-b3ba-70275634349b,PROLLS-23MAY-T200000,10,2023-05-05T18:03:51.462799Z,64,36,yes
837,3bdf0e5d-e9bd-4ab9-8106-029dbb078415,PROLLS-23MAY-T200000,10,2023-05-05T18:02:12.928459Z,58,42,yes
838,0d72a081-219e-4fec-8aca-bf81bc9c00f9,PROLLS-23MAY-T200000,12,2023-05-05T18:02:03.870278Z,55,45,yes
839,2a1380f1-b2a1-4f06-95e6-172653e69265,PROLLS-23MAY-T300000,39,2023-06-02T12:03:39.740332Z,15,85,no
840,d2e071bc-822e-4835-a724-7ae2ff077672,PROLLS-23MAY-T300000,174,2023-06-02T12:02:44.375089Z,15,85,no
841,1c487f0b-3f50-4f5f-8d69-4540a74d44ae,PROLLS-23MAY-T300000,400,2023-06-02T01:49:47.405706Z,16,84,no
842,504fa283-b585-4081-bb64-ae9f40ac90df,PROLLS-23MAY-T300000,178,2023-06-02T01:00:19.88086Z,17,83,no
843,416ba835-581f-4d40-b60c-713361f003cc,PROLLS-23MAY-T300000,119,2023-06-02T00:35:00.16706Z,17,83,no
844,afc5718c-aa9a-44a4-97bd-56de2cb95ddc,PROLLS-23MAY-T300000,4,2023-06-02T00:01:34.573503Z,17,83,no
845,669c8622-23bd-4c5c-b49c-2c046c08f992,PROLLS-23MAY-T300000,22,2023-06-02T00:01:34.573503Z,16,84,no
846,5770500d-c413-4b1d-ad88-2c127d0b9084,PROLLS-23MAY-T300000,150,2023-06-02T00:01:34.573503Z,18,82,no
847,26f9a186-06cb-4b15-9540-af28bce7b30b,PROLLS-23MAY-T300000,4,2023-06-02T00:01:34.573503Z,17,83,no
848,7db2c3aa-3e6a-48af-a31b-3932918e2110,PROLLS-23MAY-T300000,180,2023-06-01T23:00:20.19547Z,18,82,no
849,58441ea1-e982-485e-82f2-4e278ea21c8a,PROLLS-23MAY-T300000,121,2023-06-01T21:59:45.996119Z,19,81,no
850,bc02fc94-7ae6-4ee1-899b-bb9741d3b762,PROLLS-23MAY-T300000,121,2023-06-01T21:03:28.22621Z,19,81,no
851,bb88e4e0-b163-42c3-8764-8e0395c45b38,PROLLS-23MAY-T300000,71,2023-06-01T20:25:10.068982Z,18,82,no
852,6c2240af-4853-4424-aced-ed7d47915465,PROLLS-23MAY-T300000,50,2023-06-01T20:25:10.068982Z,20,80,no
853,e1c13643-0b22-41a1-b455-997a2c0b309a,PROLLS-23MAY-T300000,123,2023-06-01T20:21:12.240642Z,20,80,no
854,d476827f-1447-4262-8a8e-dee4f50801f4,PROLLS-23MAY-T300000,160,2023-06-01T18:12:30.217779Z,19,81,no
855,3d92b626-7fab-4dff-adb6-6700096b8ec7,PROLLS-23MAY-T300000,50,2023-06-01T18:12:30.217779Z,21,79,no
856,d4806a02-47c1-42d7-9301-0b060c77c66d,PROLLS-23MAY-T300000,50,2023-06-01T17:38:47.727403Z,19,81,no
857,73a96c77-4804-4a47-a5e5-9841b44fd0db,PROLLS-23MAY-T300000,2,2023-06-01T17:38:47.727403Z,19,81,no
858,52820396-6fb6-434a-afab-9dacb6cfd128,PROLLS-23MAY-T300000,1,2023-06-01T17:38:47.727403Z,19,81,no
859,273e90a5-8ec5-43c4-aa56-f5bab9e08349,PROLLS-23MAY-T300000,1,2023-06-01T17:38:47.727403Z,19,81,no
860,2723f57b-814f-43e5-8e39-50685c65f09b,PROLLS-23MAY-T300000,60,2023-06-01T17:38:47.727403Z,19,81,no
861,f5d5f3a8-249e-4058-8847-12dddd924c6a,PROLLS-23MAY-T300000,60,2023-06-01T15:01:16.383525Z,23,77,no
862,edc0b0c1-5722-4939-a337-61111c8ca846,PROLLS-23MAY-T300000,47,2023-06-01T15:01:16.383525Z,19,81,no
863,bb84c42e-865e-4ccb-acce-4020ac613d17,PROLLS-23MAY-T300000,25,2023-06-01T15:01:16.383525Z,20,80,no
864,b3ae68f2-0b86-48df-803d-7be35d968053,PROLLS-23MAY-T300000,3,2023-06-01T15:01:16.383525Z,19,81,no
865,a7949f46-4044-4738-a3ce-72866d0fa414,PROLLS-23MAY-T300000,1,2023-06-01T15:01:16.383525Z,21,79,no
866,96a588d8-3a17-41aa-87c5-048b5b4235d3,PROLLS-23MAY-T300000,100,2023-06-01T15:01:16.383525Z,21,79,no
867,7fdaf11f-2b22-4ac2-86bd-466406f2f3c1,PROLLS-23MAY-T300000,1,2023-06-01T15:01:16.383525Z,20,80,no
868,2713992d-fa87-4e32-bfe1-a3bb37024223,PROLLS-23MAY-T300000,3,2023-06-01T15:01:16.383525Z,21,79,no
869,b8ea1d02-53db-43ca-960f-e1f1cc885c59,PROLLS-23MAY-T300000,30,2023-06-01T12:17:06.814999Z,24,76,yes
870,7491283b-c518-4fdd-af3d-11438a33e771,PROLLS-23MAY-T300000,100,2023-06-01T02:37:37.699902Z,14,86,no
871,3f2ea34e-d07a-45bb-9217-e72845da94d0,PROLLS-23MAY-T300000,1,2023-06-01T02:37:37.699902Z,14,86,no
872,3cddb8cc-3c54-4095-823a-2d8917dec1f1,PROLLS-23MAY-T300000,5,2023-06-01T02:37:37.699902Z,14,86,no
873,a07ac47c-5a55-4507-95d3-a14daf185a12,PROLLS-23MAY-T300000,50,2023-05-31T19:48:15.359491Z,14,86,no
874,4f0d538b-b301-4457-b3ca-e637cfe6e000,PROLLS-23MAY-T300000,7,2023-05-31T19:48:15.359491Z,12,88,no
875,d0e929d9-45df-4604-80bd-a728e027d940,PROLLS-23MAY-T300000,129,2023-05-31T18:43:46.627224Z,20,80,yes
876,88ee161a-f57e-451a-8a33-c03f696515b2,PROLLS-23MAY-T300000,250,2023-05-31T18:43:46.627224Z,19,81,yes
877,27756b08-dfb7-4eea-a144-0de9fc4855e2,PROLLS-23MAY-T300000,125,2023-05-31T18:43:46.627224Z,17,83,yes
878,d0784d6f-ce66-4468-822f-9f1fe6d975e3,PROLLS-23MAY-T300000,250,2023-05-31T18:16:07.610271Z,12,88,no
879,79c55d2a-8ff0-41f0-87e2-c1060ae65bd2,PROLLS-23MAY-T300000,100,2023-05-31T18:16:07.610271Z,13,87,no
880,d3c0ed7f-1522-46d7-bebd-16e9bea01344,PROLLS-23MAY-T300000,113,2023-05-31T15:51:23.339466Z,13,87,no
881,ece87a15-fec2-403f-bb53-353deceeb01a,PROLLS-23MAY-T300000,462,2023-05-31T15:40:57.835975Z,19,81,yes
882,d34bead3-17c9-414b-b3da-819e344bb351,PROLLS-23MAY-T300000,750,2023-05-31T15:40:57.835975Z,18,82,yes
883,08a4d947-88ec-46df-953b-23fe4b1d4d6e,PROLLS-23MAY-T300000,380,2023-05-31T15:40:57.835975Z,16,84,yes
884,857d5036-60eb-4028-a238-0f8c1b3e2b29,PROLLS-23MAY-T300000,295,2023-05-31T15:39:58.89083Z,16,84,yes
885,c20cfb85-a8a8-412b-b270-c4d99bfe88e0,PROLLS-23MAY-T300000,314,2023-05-31T15:38:44.950433Z,15,85,yes
886,048f7590-d64f-4890-9223-ed87336b6919,PROLLS-23MAY-T300000,55,2023-05-31T13:06:20.660795Z,11,89,no
887,0f38ed92-945b-4000-bd46-7ce329edc970,PROLLS-23MAY-T300000,111,2023-05-31T12:42:01.924563Z,11,89,no
888,cfac06d3-a101-48a9-b513-de8fafc51523,PROLLS-23MAY-T300000,581,2023-05-31T12:38:59.18812Z,15,85,yes
889,b672ca5e-c16f-4a64-9ac6-7d010a0152cf,PROLLS-23MAY-T300000,59,2023-05-31T12:38:59.18812Z,12,88,yes
890,2402ec73-900e-4345-9183-ca2e10260274,PROLLS-23MAY-T300000,673,2023-05-30T19:52:35.620616Z,14,86,yes
891,af71f20e-9f58-4594-ac61-8244660f56d5,PROLLS-23MAY-T300000,7,2023-05-27T03:48:30.937649Z,9,91,no
892,d522f5fd-0298-431d-a378-8bcdc072dd66,PROLLS-23MAY-T300000,72,2023-05-26T17:59:29.635638Z,13,87,yes
893,e297df1d-77cc-49d0-9330-6918a0374d16,PROLLS-23MAY-T300000,40,2023-05-14T18:50:02.400305Z,16,84,yes
894,be38b31f-9138-4326-b533-94c8b1ed5e72,PROLLS-23MAY-T300000,20,2023-05-14T18:50:02.400305Z,16,84,yes
895,4eab35fe-e274-4d16-8e64-4c52cb67135c,PROLLS-23MAY-T300000,63,2023-05-12T20:24:05.955839Z,12,88,no
896,e3bc901e-208c-47f4-8fc9-a02aae60c7bd,PROLLS-23MAY-T300000,12,2023-05-11T01:22:26.742627Z,15,85,no
897,7b58c09f-3dfd-4f10-a078-5f2b2b0898bc,PROLLS-23MAY-T300000,103,2023-05-11T01:22:26.742627Z,14,86,no
898,9d3372e6-08f9-40f8-a0ad-793c1348f304,PROLLS-23MAY-T300000,120,2023-05-10T15:50:32.828982Z,19,81,no
899,2eda06c8-8238-4462-8f6e-d3b7b93dc3c4,PROLLS-23MAY-T300000,72,2023-05-10T15:50:32.828982Z,21,79,no
900,7da8db93-9865-4246-8505-c9e4098c7f8c,PROLLS-23MAY-T300000,68,2023-05-10T02:58:23.146816Z,22,78,no
901,82c013ed-7ee8-452c-a3ef-d98253d8759a,PROLLS-23MAY-T300000,16,2023-05-09T21:31:21.914494Z,22,78,no
902,0f552cd4-c21a-4008-956a-fa1c76501495,PROLLS-23MAY-T300000,84,2023-05-09T21:29:45.795818Z,23,77,no
903,55f6f569-07b1-4bd7-b738-6a5da8c137b8,PROLLS-23MAY-T300000,1,2023-05-09T20:49:01.218984Z,24,76,yes
904,6a033bf8-e668-459e-a595-a34a5561331d,PROLLS-23MAY-T300000,36,2023-05-09T12:07:49.656479Z,24,76,yes
905,e550a5a3-a027-4d1a-917a-341f606666da,PROLLS-23MAY-T300000,1,2023-05-08T12:17:40.948424Z,22,78,no
906,09f3fd93-587f-41e2-978c-c2942046cd54,PROLLS-23MAY-T300000,100,2023-05-07T19:52:26.465187Z,22,78,no
907,2300b51e-eb15-4295-8fed-cac2bccdfc08,PROLLS-23MAY-T300000,1,2023-05-07T19:24:52.112561Z,25,75,yes
908,728bbd99-0272-4c78-b9ee-061fd51be013,PROLLS-23MAY-T300000,10,2023-05-05T21:10:42.469883Z,27,73,yes
909,fd6d8b82-9fa9-4b6d-b591-279e6ddca75d,PROLLS-23MAY-T300000,1,2023-05-05T20:48:51.608162Z,34,66,yes
910,df4d3777-1f96-4794-9455-2e92269defc0,PROLLS-23MAY-T300000,4,2023-05-05T20:48:51.608162Z,36,64,yes
911,cadf6fc1-5833-4577-a353-9b8c4ed97165,PROLLS-23MAY-T300000,10,2023-05-05T20:48:51.608162Z,24,76,yes
912,9598d40c-2c5e-4f08-bff9-3d0f827c1ae2,PROLLS-23MAY-T300000,1,2023-05-05T20:48:51.608162Z,36,64,yes
913,9193de23-6292-4918-9ff2-d08ad8a3e068,PROLLS-23MAY-T300000,1,2023-05-05T20:48:51.608162Z,37,63,yes
914,7e26566e-5714-4b49-87e4-eb0c4849bdb8,PROLLS-23MAY-T300000,1,2023-05-05T20:48:51.608162Z,35,65,yes
915,7b771e3d-69bd-41af-b09e-2428ffd7b8b2,PROLLS-23MAY-T300000,10,2023-05-05T20:48:51.608162Z,23,77,yes
916,50f94631-e325-4301-9d41-2a6afe360faa,PROLLS-23MAY-T300000,1,2023-05-05T20:48:51.608162Z,32,68,yes
917,3eb32f56-c522-4543-a6e5-5d5164433137,PROLLS-23MAY-T300000,1,2023-05-05T20:48:51.608162Z,33,67,yes
918,2858b177-e30c-46ed-bbfa-653ae868b234,PROLLS-23MAY-T300000,1,2023-05-05T20:48:51.608162Z,34,66,yes
919,1718ace6-c402-4035-ab70-e31db3c14167,PROLLS-23MAY-T300000,2,2023-05-05T20:48:51.608162Z,35,65,yes
920,3ffe6fc0-15d6-4207-a2d7-6eac755401ea,PROLLS-23MAY-T300000,10,2023-05-05T19:34:02.948979Z,22,78,yes
921,259036f1-5866-4ec0-88c9-dee312cbad20,PROLLS-23MAY-T300000,10,2023-05-05T19:33:50.422224Z,21,79,yes
922,8ccfc6ec-c740-4a85-88f1-4a08e105d88e,PROLLS-23MAY-T300000,10,2023-05-05T19:33:34.027476Z,19,81,yes
923,a9403987-aef0-4169-bf03-dc1513c7f687,PROLLS-23MAY-T300000,10,2023-05-05T19:33:22.230318Z,18,82,yes
924,f349a8ed-acf7-469f-afe8-dd2daccabc97,PROLLS-23MAY-T300000,4,2023-05-05T19:23:09.187886Z,20,80,no
925,e6f4192c-b7bf-4f30-86f1-201a0a563358,PROLLS-23MAY-T300000,1,2023-05-05T19:23:09.187886Z,23,77,no
926,b1a252f5-709f-4151-9289-c1f7e1df824b,PROLLS-23MAY-T300000,2,2023-05-05T19:23:09.187886Z,21,79,no
927,9c2e48aa-1cd0-462f-8ff0-001a1c498d14,PROLLS-23MAY-T300000,1,2023-05-05T19:23:09.187886Z,22,78,no
928,7256d302-1963-4d99-a175-e52219a7a315,PROLLS-23MAY-T300000,4,2023-05-05T19:23:09.187886Z,19,81,no
929,67602bda-9728-4385-b293-d768eac9598a,PROLLS-23MAY-T300000,10,2023-05-05T19:23:09.187886Z,32,68,no
930,5385798a-d454-4c61-a175-63fb7df7f528,PROLLS-23MAY-T300000,10,2023-05-05T19:23:09.187886Z,34,66,no
931,34baa30d-9b43-4ffa-989c-807debb1b8ae,PROLLS-23MAY-T300000,16,2023-05-05T19:23:09.187886Z,3,97,no
932,2bbd3e0e-ab03-4e29-a62d-30315447841e,PROLLS-23MAY-T300000,62,2023-05-05T19:23:09.187886Z,1,99,no
933,2a7ee14c-5af3-4d4d-a38b-c591e2350b06,PROLLS-23MAY-T300000,4,2023-05-05T19:23:09.187886Z,18,82,no
934,14709c07-1098-4fab-815c-7fa733ecd42d,PROLLS-23MAY-T300000,64,2023-05-05T19:23:09.187886Z,2,98,no
935,675ab43c-e0fe-4bde-abb5-2501f52746cd,PROLLS-23MAY-T300000,10,2023-05-05T18:02:30.149118Z,33,67,yes
936,6ebdfcf7-87b0-4fc7-9e38-308eb9ce1ba2,PROLLS-23MAY-T300000,10,2023-05-05T18:02:25.762422Z,31,69,yes
937,a2017f50-fb25-415d-9d4a-6c9fac8e6d96,PROLLS-23MAY-T400000,70,2023-06-01T13:11:27.746728Z,3,97,no
938,6b6b60ee-840b-4c69-98ef-ba8fa6e95863,PROLLS-23MAY-T400000,32,2023-06-01T13:11:27.746728Z,2,98,no
939,773a97c2-2450-485b-8398-2fcee21e9dee,PROLLS-23MAY-T400000,200,2023-06-01T12:17:36.559804Z,4,96,yes
940,4700c45d-bb47-4e6f-ac3b-b556b8c619a7,PROLLS-23MAY-T400000,200,2023-05-31T22:44:53.431143Z,4,96,yes
941,1762ca00-6b67-47a6-8b78-1f1409f70748,PROLLS-23MAY-T400000,85,2023-05-28T18:52:49.513978Z,4,96,yes
942,a252ab32-d2e9-4ed5-9460-688b9d017491,PROLLS-23MAY-T400000,120,2023-05-11T22:01:32.005431Z,2,98,no
943,0700a5bd-3090-4c33-984e-a8d7d2b213cb,PROLLS-23MAY-T400000,120,2023-05-11T22:01:32.005431Z,1,99,no
944,7418fd13-b45c-45aa-a9f3-9cc0ad6c5cdf,PROLLS-23MAY-T400000,120,2023-05-11T13:01:42.102441Z,2,98,no
945,30cf77a3-6dab-45cd-85c2-d880a56acb0e,PROLLS-23MAY-T400000,120,2023-05-10T22:25:02.817035Z,3,97,no
946,eed46a35-8a5d-4dbf-9025-7b058cc9a5eb,PROLLS-23MAY-T400000,120,2023-05-10T20:46:57.041557Z,4,96,no
947,6c839b01-3ce8-44e6-90d0-df542a096977,PROLLS-23MAY-T400000,1,2023-05-10T20:46:57.041557Z,3,97,no
948,e3e34c82-7227-48c1-b892-ad0de9dd4d13,PROLLS-23MAY-T400000,120,2023-05-10T20:07:57.422677Z,4,96,no
949,bafc291e-0c3c-4d5e-ba97-504f8e0b5d46,PROLLS-23MAY-T400000,120,2023-05-10T19:55:48.592076Z,5,95,no
950,4a845505-08f9-4eff-83be-1b3757022b4c,PROLLS-23MAY-T400000,120,2023-05-10T19:55:48.592076Z,4,96,no
951,28ee8976-7c50-44ff-ad4d-1b837a565ecf,PROLLS-23MAY-T400000,72,2023-05-10T15:50:42.008185Z,6,94,no
952,aabfa37a-e99c-411e-ba8f-040c170688c3,PROLLS-23MAY-T400000,54,2023-05-09T03:15:43.571692Z,9,91,no
953,11461447-56eb-4d67-a576-4020461f5f10,PROLLS-23MAY-T400000,2,2023-05-08T12:17:54.470985Z,8,92,no
954,a407387e-2ad8-4e4e-962c-03b85b22c564,PROLLS-23MAY-T400000,10,2023-05-08T02:03:00.555691Z,8,92,no
955,42b63b07-db34-48d3-aecf-f84a531710af,PROLLS-23MAY-T400000,10,2023-05-08T02:01:47.691945Z,9,91,yes
956,22b4301d-35d9-4ae7-975c-cdbc6e6ecaab,PROLLS-23MAY-T400000,10,2023-05-08T02:00:32.729477Z,9,91,no
957,34e0c18f-80d2-4522-9546-c746f9202441,PROLLS-23MAY-T400000,9,2023-05-06T20:04:16.749117Z,10,90,no
958,f64a2f49-7bbf-4543-9174-12b5ffa66e38,PROLLS-23MAY-T400000,10,2023-05-06T20:04:08.350756Z,11,89,no
959,345aec13-cdfd-4d3f-b718-5c93689dda93,PROLLS-23MAY-T400000,10,2023-05-06T20:04:08.350756Z,12,88,no
960,074497e7-e4b8-4f08-9ba5-002ba1e7069c,PROLLS-23MAY-T400000,60,2023-05-06T20:04:08.350756Z,11,89,no
961,f357dd6e-4389-461c-bd60-0d60cb0a7066,PROLLS-23MAY-T400000,10,2023-05-05T23:45:58.642095Z,12,88,no
962,de0a8b64-f6ce-4d87-b0d2-54805244a960,PROLLS-23MAY-T400000,10,2023-05-05T23:45:58.642095Z,13,87,no
963,3ca6c8c4-97eb-4250-ad9c-196cebb5d081,PROLLS-23MAY-T400000,10,2023-05-05T21:10:59.784969Z,17,83,yes
964,83666278-84ab-411a-a7ae-48a8baa2c426,PROLLS-23MAY-T400000,10,2023-05-05T19:23:23.16604Z,11,89,no
965,b557738b-f0c2-49a7-9625-3e5c0cc21b81,PROLLS-23MAY-T400000,10,2023-05-05T19:23:23.146199Z,11,89,no
966,928557b4-8d62-44a3-ba94-745150f277fa,PROLLS-23MAY-T400000,10,2023-05-05T19:23:14.411956Z,11,89,no
967,ae774942-042a-4609-83d7-ec3e2ad4f238,PROLLS-23MAY-T400000,10,2023-05-05T19:23:14.401408Z,11,89,no
968,ed32a526-f942-4657-9a95-87d19e4d6932,PROLLS-23MAY-T400000,100,2023-05-05T18:04:49.030597Z,19,81,yes
969,c8b74738-abbe-43fb-86d7-9d849ae61fbe,PROLLS-23MAY-T400000,10,2023-05-05T18:03:13.400614Z,19,81,yes
970,2ba0d164-20bb-475e-9300-83481fc5d358,PROLLS-23MAY-T400000,10,2023-05-05T18:03:07.606836Z,18,82,yes
971,f7b60e76-dc07-416b-bc72-8ea4fb291b94,PROLLS-23MAY-T500000,9,2023-05-06T19:20:40.365077Z,3,97,yes
972,3e191096-6cc9-4292-bd5a-b7c06dde78ee,PROLLS-23MAY-T500000,1,2023-05-06T19:20:33.805505Z,3,97,no
973,53427805-6758-4a35-a7e5-79aecdd349f1,PROLLS-23MAY-T500000,9,2023-05-06T19:20:09.666051Z,3,97,no
974,e005ddc4-d153-4637-b89c-92c8d28d1b33,PROLLS-23MAY-T500000,10,2023-05-05T19:41:47.336259Z,3,97,no
975,942c1830-ce0e-4d18-b47e-dcdbb2a7e9f8,PROLLS-23MAY-T500000,10,2023-05-05T19:41:30.057556Z,3,97,no
976,57334f5c-1bdc-4aa3-ad61-c1da1cb1378c,PROLLS-23JUN-T0,3,2023-07-06T12:28:35.7988Z,99,1,yes
977,7ca2bc04-8ef0-4dc9-bd43-833ed3f58f05,PROLLS-23JUN-T0,2,2023-07-06T12:19:08.995637Z,99,1,yes
978,fe09e179-f4d4-44b7-8aee-629fd3435598,PROLLS-23JUN-T0,5,2023-07-04T14:09:56.114333Z,99,1,yes
979,3455cae6-718e-446b-a3e9-8d3d5b3dd86b,PROLLS-23JUN-T0,5,2023-07-02T20:06:18.81493Z,98,2,yes
980,0a20a662-0146-46f4-8c76-4d50ee7ca82d,PROLLS-23JUN-T0,8,2023-06-30T12:43:25.296018Z,98,2,yes
981,f2f011b2-0c12-4fc1-bd30-77dd7c486a4e,PROLLS-23JUN-T100000,54,2023-07-07T12:10:55.374887Z,96,4,yes
