,trade_id,ticker,count,created_time,yes_price,no_price,taker_side
0,5bd7cfdb-472b-40ae-a3a7-c9d1d65e97e0,KXGDPYEAR-25-T0.1,13,2025-07-19T14:22:42.193311Z,14,86,yes
1,46ba5a0a-4cb8-4741-9d55-0ebeb6e23704,KXGDPYEAR-25-T0.1,6,2025-07-17T03:51:00.304601Z,15,85,yes
2,f20a0d24-8a9f-4c41-a613-75086aee81b6,KXGDPYEAR-25-T0.1,115,2025-07-16T02:28:48.141084Z,14,86,no
3,d7e2beac-a0b2-4f54-bb0c-e9b8614c3ff0,KXGDPYEAR-25-T0.1,2,2025-07-11T21:27:04.292574Z,15,85,no
4,a96e5e4c-4f97-46ad-8c17-e8264976943b,KXGDPYEAR-25-T0.1,5,2025-07-11T17:01:20.287732Z,17,83,yes
5,06e6dc9d-f441-49a8-89fe-fde44e71c9e8,KXGDPYEAR-25-T0.1,479,2025-07-11T17:01:20.287732Z,17,83,yes
6,0173bf4c-d8f9-4a74-91ba-c0a1945f18f6,KXGDPYEAR-25-T0.1,750,2025-07-11T17:01:20.287732Z,16,84,yes
7,9c1df1d3-a303-4cd5-8662-632beb7eb30f,KXGDPYEAR-25-T0.1,50,2025-07-10T03:13:20.418062Z,15,85,no
8,fab5b0d2-b102-46c8-a2d5-bc183ff57fe0,KXGDPYEAR-25-T0.1,5,2025-07-07T20:46:04.13684Z,15,85,no
9,008b73b1-fe89-4e7b-9ba6-b36e42471762,KXGDPYEAR-25-T0.1,239,2025-07-07T01:11:55.507109Z,15,85,yes
10,f5f7a165-f19a-4c95-8bb6-5ef482a5255f,KXGDPYEAR-25-T0.1,169,2025-07-05T13:32:30.678188Z,15,85,yes
11,cee064f2-0238-4e58-a50d-05e795a6c03f,KXGDPYEAR-25-T0.1,457,2025-07-05T13:32:30.678188Z,15,85,yes
12,03622ee6-5b3d-4ade-ae1b-133ded695f8e,KXGDPYEAR-25-T0.1,374,2025-07-05T13:32:30.678188Z,15,85,yes
13,e670b70c-19dc-40b8-8ddc-378f630f44b6,KXGDPYEAR-25-T0.1,5,2025-07-03T22:35:59.819952Z,14,86,no
14,c261dc18-0f2b-44ba-9339-9e5772f7dfbc,KXGDPYEAR-25-T0.1,150,2025-07-03T22:35:56.413295Z,14,86,yes
15,879cd6cd-69f9-450b-8c9f-f9c12cb030bf,KXGDPYEAR-25-T0.1,100,2025-07-03T20:33:13.626125Z,14,86,no
16,d7e8a117-0d41-40e8-a328-66ffb458b200,KXGDPYEAR-25-T0.1,125,2025-07-03T15:37:51.131217Z,15,85,yes
17,13073ea8-b3d9-4f76-92c2-526e47cb89a8,KXGDPYEAR-25-T0.1,1,2025-07-02T17:46:18.016545Z,15,85,yes
18,99d84bf7-5446-480a-ba91-ad856c7ee8cd,KXGDPYEAR-25-T0.1,998,2025-07-02T04:19:49.623963Z,15,85,no
19,ca32ba10-04f0-42cd-b474-ed1092cc5c04,KXGDPYEAR-25-T0.1,2,2025-07-01T16:04:19.598306Z,15,85,no
20,dcad2884-21b0-4db9-a187-5a4d6029cfee,KXGDPYEAR-25-T0.1,56,2025-06-29T16:36:48.368666Z,14,86,no
21,ccd1a27c-fece-491c-9695-5c7309f4e779,KXGDPYEAR-25-T0.1,1,2025-06-29T16:36:48.368666Z,16,84,no
22,c2b7daae-7609-4a0a-a3e1-6b87d771c7f8,KXGDPYEAR-25-T0.1,20,2025-06-28T20:07:19.000592Z,17,83,yes
23,f3f1175a-b3f5-4c30-b0a9-7ef81c5298b1,KXGDPYEAR-25-T0.1,11,2025-06-27T18:07:46.494356Z,17,83,yes
24,c9c4ee23-a383-44f9-97d9-2428fbc0ff85,KXGDPYEAR-25-T0.1,90,2025-06-24T21:33:38.78851Z,17,83,no
25,4106d257-9024-4ba0-8917-66bad9efcfde,KXGDPYEAR-25-T0.1,7,2025-06-21T06:25:21.233631Z,20,80,yes
26,0c4b53d9-c201-4784-9a6f-b25c20119801,KXGDPYEAR-25-T0.1,31,2025-06-18T23:43:20.010531Z,17,83,no
27,5d1f5e77-1397-46cf-952a-2d2c0b8d968e,KXGDPYEAR-25-T0.1,4,2025-06-15T15:11:09.95837Z,20,80,yes
28,b02c3340-86dd-4af5-a647-2ef14d80dbac,KXGDPYEAR-25-T0.1,1,2025-06-04T17:10:56.743083Z,20,80,no
29,d6d3b0ed-77cb-46d4-85fc-c90cb1fe5f28,KXGDPYEAR-25-T0.1,289,2025-06-02T13:07:27.840672Z,23,77,no
30,fe51a988-da01-4ed4-b454-ff3e28ff8731,KXGDPYEAR-25-T0.1,211,2025-06-01T12:12:10.918522Z,23,77,no
31,b93ebf80-e048-473d-9d37-f787f674eba5,KXGDPYEAR-25-T0.1,17,2025-05-31T01:42:54.782521Z,28,72,yes
32,5398654e-ed53-4108-a7fb-df7d69f7e443,KXGDPYEAR-25-T0.1,2,2025-05-30T18:36:54.713932Z,29,71,yes
33,4c602399-e7bb-4dbc-b20d-c95d380e9a0a,KXGDPYEAR-25-T0.1,4,2025-05-30T18:36:54.713932Z,28,72,yes
34,2b6578c3-1657-46b4-acb9-ac2b85b8479a,KXGDPYEAR-25-T0.1,16,2025-05-29T14:07:26.595453Z,29,71,yes
35,131ecd70-fccd-4bf6-bd1a-4044873e0acb,KXGDPYEAR-25-T0.1,34,2025-05-29T00:56:16.388118Z,27,73,yes
36,ba807d78-69d2-4b7e-b0ad-5a92a4f68176,KXGDPYEAR-25-T0.1,3,2025-05-22T15:08:45.037672Z,29,71,yes
37,8b097e8b-cc7f-4c94-b821-319e057917ea,KXGDPYEAR-25-T0.1,4,2025-05-22T15:08:45.037672Z,28,72,yes
38,59c1e660-bc54-4c95-ae2e-f72a01eeb523,KXGDPYEAR-25-T0.1,20,2025-05-21T06:20:21.397916Z,29,71,yes
39,60f88b43-3212-4461-b93e-e9ff03f5394c,KXGDPYEAR-25-T0.1,4,2025-05-17T18:46:36.79292Z,26,74,no
40,4e22810a-a885-441c-821e-d7005982bdea,KXGDPYEAR-25-T0.1,4,2025-05-17T18:46:36.79292Z,26,74,no
41,25a4c454-f730-4787-a7b8-e257d12ce8f3,KXGDPYEAR-25-T0.1,241,2025-05-17T18:46:36.79292Z,24,76,no
42,12cfc4de-9a6f-437f-9b9c-9335e745b3cf,KXGDPYEAR-25-T0.1,250,2025-05-17T18:46:36.79292Z,26,74,no
43,047f6b93-24c6-4b7b-bdef-80491f0a9664,KXGDPYEAR-25-T0.1,1,2025-05-17T18:46:36.79292Z,28,72,no
44,bfb0abe5-ba18-49ac-89be-f6e5760e9352,KXGDPYEAR-25-T0.1,4,2025-05-16T19:33:29.536723Z,29,71,no
45,302f8d12-91f6-4739-82fd-5e8eada22fbe,KXGDPYEAR-25-T0.1,50,2025-05-16T19:29:09.835213Z,29,71,no
46,9a9f35d6-c1f7-4563-a07f-f692b3fd7bbe,KXGDPYEAR-25-T0.1,100,2025-05-15T20:38:52.084537Z,29,71,no
47,de37e2c9-1571-41a7-9392-9422a4d17b86,KXGDPYEAR-25-T0.1,25,2025-05-15T12:45:36.917401Z,30,70,yes
48,01f07b92-4f60-443f-bf98-b761e90d099c,KXGDPYEAR-25-T0.1,20,2025-05-15T12:45:36.917401Z,30,70,yes
49,c1fa0dd5-1a8a-4705-9d80-6e4c97da9e3e,KXGDPYEAR-25-T0.1,1,2025-05-14T12:22:55.675688Z,29,71,no
50,f69494f9-94b6-49a2-92c9-7950a7ba60f8,KXGDPYEAR-25-T0.1,10,2025-05-13T17:34:31.601175Z,35,65,no
51,7005ff1d-395b-4e32-8fc8-b43d6100a791,KXGDPYEAR-25-T0.1,22,2025-05-13T17:34:31.601175Z,30,70,no
52,5d758910-0184-4f04-a001-e9d4ce354756,KXGDPYEAR-25-T0.1,39,2025-05-13T17:34:31.601175Z,31,69,no
53,4ebf6db1-0315-44cf-a69c-4aa946d178be,KXGDPYEAR-25-T0.1,500,2025-05-12T12:00:12.018747Z,38,62,no
54,3addb09e-41b7-40a3-a3b8-31ccf8f6abb3,KXGDPYEAR-25-T0.1,300,2025-05-12T03:36:55.238294Z,38,62,no
55,4dc27a2c-73a6-41b1-bee3-ceaaff8a3a24,KXGDPYEAR-25-T0.1,459,2025-05-12T03:36:21.69127Z,39,61,no
56,429c017d-7ac1-42c2-b329-0c954f929bc9,KXGDPYEAR-25-T0.1,24,2025-05-12T03:36:21.69127Z,40,60,no
57,183704a9-978e-430b-b786-6bd7814cf9e3,KXGDPYEAR-25-T0.1,17,2025-05-12T03:36:21.69127Z,40,60,no
58,620b14d7-0259-4201-91bd-4fc586f1a6ab,KXGDPYEAR-25-T0.1,200,2025-05-12T03:36:05.579721Z,41,59,no
59,c9c29254-2ee4-4410-a418-4b5894d9fa47,KXGDPYEAR-25-T0.1,200,2025-05-12T03:35:33.105716Z,41,59,no
60,d0bd42cc-0834-46fa-bb3a-4211ca9a2b21,KXGDPYEAR-25-T0.1,77,2025-05-10T06:59:17.660857Z,42,58,no
61,adb4cce4-8189-468e-bf51-3c958e729e93,KXGDPYEAR-25-T0.1,123,2025-05-10T01:14:44.654717Z,42,58,no
62,a91cd44a-ca34-4823-a31e-00c8709b4af6,KXGDPYEAR-25-T0.1,121,2025-05-09T22:57:29.27613Z,44,56,yes
63,057c6898-25e3-401b-9911-65d42500803c,KXGDPYEAR-25-T0.1,40,2025-05-09T22:57:29.27613Z,44,56,yes
64,6c29ddab-e158-4024-8afd-9d35ef2b3476,KXGDPYEAR-25-T0.1,39,2025-05-09T22:53:59.874053Z,43,57,yes
65,77eda351-e983-43ab-ad07-4cc25582715e,KXGDPYEAR-25-T0.1,7,2025-05-09T01:54:02.383813Z,39,61,no
66,82b482dc-7a3c-4283-a64f-3aff61d26b0a,KXGDPYEAR-25-T0.1,500,2025-05-08T12:02:06.943418Z,39,61,no
67,c02abffe-efea-4d0a-91cd-1e3504553f8f,KXGDPYEAR-25-T0.1,10,2025-05-07T15:50:12.305267Z,44,56,yes
68,53d86dfe-b3ee-4e91-b3f0-b9fbc604dd9c,KXGDPYEAR-25-T0.1,1,2025-05-05T19:09:13.774256Z,40,60,no
69,77d3ae44-f155-4465-814b-085d882a8bd0,KXGDPYEAR-25-T0.1,16,2025-05-02T22:25:47.024399Z,40,60,no
70,cee1c16f-620d-4986-bb2c-d7bbe9d1c358,KXGDPYEAR-25-T0.1,100,2025-05-02T16:37:46.353541Z,44,56,yes
71,60555f72-a1fc-4252-b109-a386b73268d8,KXGDPYEAR-25-T0.1,9,2025-05-02T16:37:46.353541Z,44,56,yes
72,4a318e84-5451-47f6-adb1-139954f3e8f3,KXGDPYEAR-25-T0.1,3,2025-05-01T05:14:02.475547Z,45,55,yes
73,d226dbcf-14bd-4998-a577-cb86cc47e2b4,KXGDPYEAR-25-T0.1,106,2025-04-30T17:50:31.853761Z,45,55,yes
74,34cf4775-edad-462a-9906-d64a7a3bd5d0,KXGDPYEAR-25-T0.1,16,2025-04-30T17:28:46.480199Z,45,55,yes
75,f80ad022-6630-4018-a3ac-90daca852e91,KXGDPYEAR-25-T0.1,64,2025-04-30T12:35:44.575782Z,44,56,yes
76,e988239a-9701-4646-ad91-33862ff760a8,KXGDPYEAR-25-T0.1,1,2025-04-29T22:26:23.897621Z,38,62,no
77,2fe18e70-98bd-4f7d-8974-2393183f837c,KXGDPYEAR-25-T0.1,50,2025-04-29T19:56:01.489711Z,45,55,yes
78,df5746d8-301d-4888-836b-73bc62e6f028,KXGDPYEAR-25-T0.1,29,2025-04-29T18:33:29.947377Z,38,62,no
79,9f0f31c3-6cdc-4342-a654-2cceea0f5663,KXGDPYEAR-25-T0.1,221,2025-04-29T18:33:29.947377Z,37,63,no
80,c52893ec-127a-4adc-b599-8dfe8adc1787,KXGDPYEAR-25-T0.1,1,2025-04-29T05:37:29.852744Z,39,61,no
81,e1e8c137-5a02-4080-9e5e-b327894e99e1,KXGDPYEAR-25-T0.1,11,2025-04-29T02:43:37.83335Z,40,60,no
82,c316d4ac-eb54-4436-a33e-6012a8daa782,KXGDPYEAR-25-T0.1,623,2025-04-29T02:43:37.83335Z,39,61,no
83,580fa14a-95cd-40d7-81ed-8c1a6d5de003,KXGDPYEAR-25-T0.1,11,2025-04-28T02:08:22.976611Z,43,57,yes
84,98ffe8e7-ddc3-4954-b51a-0f2193e85382,KXGDPYEAR-25-T0.1,14,2025-04-22T21:58:39.322781Z,41,59,no
85,347e1a20-d451-4ec8-aa18-97757df8b6c2,KXGDPYEAR-25-T0.1,1,2025-04-22T21:57:29.263078Z,42,58,no
86,97d7928d-f5c1-42f4-8ad3-cca0a913631a,KXGDPYEAR-25-T0.1,12,2025-04-22T18:25:39.313996Z,42,58,no
87,69f09205-415e-4334-b51d-0a3561356846,KXGDPYEAR-25-T0.1,13,2025-04-22T18:01:17.947299Z,43,57,yes
88,324710ff-6055-4491-8028-bc6233a8f6c4,KXGDPYEAR-25-T0.1,2,2025-04-22T18:00:57.727348Z,42,58,yes
89,7e4656bb-49fc-4782-a555-450bc123cf79,KXGDPYEAR-25-T0.1,8,2025-04-17T19:23:22.032134Z,43,57,yes
90,f334c5eb-5787-46ee-b927-30e6a8fce67b,KXGDPYEAR-25-T0.1,6,2025-04-17T19:22:55.136889Z,43,57,yes
91,4c04e6b4-1da6-4549-9cab-2ddf8e80e625,KXGDPYEAR-25-T0.1,1,2025-04-17T02:32:50.972128Z,40,60,no
92,30715d85-c6c5-4609-a12b-c7df1dc78412,KXGDPYEAR-25-T0.1,21,2025-04-16T23:07:01.810121Z,44,56,yes
93,e977de6e-e485-4e68-9674-ec461ed0ba0f,KXGDPYEAR-25-T0.1,5,2025-04-16T22:46:46.006495Z,44,56,yes
94,01e437b8-46c2-4acb-8c5d-39c6f2c87f5a,KXGDPYEAR-25-T0.1,21,2025-04-16T20:20:15.017483Z,44,56,yes
95,924cd2bc-aac5-4245-92dc-fb691f7d1884,KXGDPYEAR-25-T0.1,1,2025-04-16T18:45:51.184424Z,44,56,yes
96,30d14cc8-3115-41f5-abdc-7e0bd373eddc,KXGDPYEAR-25-T0.1,10,2025-04-14T17:58:37.637276Z,44,56,yes
97,3e7fd159-6c70-4bf8-916f-49b971dd5772,KXGDPYEAR-25-T0.1,4,2025-04-12T20:25:36.8981Z,44,56,yes
98,b0ecf8e1-92f6-4f36-a79a-2935e5c62637,KXGDPYEAR-25-T0.1,200,2025-04-12T19:32:12.109008Z,40,60,no
99,dcc83192-ec4d-4c4b-ad50-f978631043ac,KXGDPYEAR-25-T0.1,4,2025-04-12T17:24:42.294419Z,40,60,no
100,394946cf-f463-4327-a313-275466f92708,KXGDPYEAR-25-T0.1,34,2025-04-11T19:33:49.919016Z,43,57,no
101,63930de2-c37b-4899-8d64-ec4c5ae3299e,KXGDPYEAR-25-T0.1,26,2025-04-11T16:52:32.950774Z,44,56,no
102,f61f35b2-8dd9-4359-89e3-6c5941b9d485,KXGDPYEAR-25-T0.1,1,2025-04-11T16:44:05.410747Z,44,56,yes
103,da78d498-835b-47fd-9ec3-4e6605eb1d18,KXGDPYEAR-25-T0.1,1137,2025-04-11T16:44:05.410747Z,44,56,yes
104,0323069c-49c0-42c0-9e7c-31f27228dc43,KXGDPYEAR-25-T0.1,100,2025-04-11T16:44:05.410747Z,43,57,yes
105,98448053-97db-4fb2-aae4-8c047f3cb1e3,KXGDPYEAR-25-T0.1,300,2025-04-09T17:32:37.883051Z,38,62,no
106,c34b3bb6-627f-4ca4-864d-1a0ede24f49c,KXGDPYEAR-25-T0.1,5000,2025-04-09T17:31:54.555881Z,39,61,no
107,b2c57c95-f97e-4e86-966e-b4fdc73baf69,KXGDPYEAR-25-T0.1,30,2025-04-09T17:31:54.555881Z,40,60,no
108,a2006456-caf3-49d5-9d99-2de29f8109cb,KXGDPYEAR-25-T0.1,100,2025-04-09T17:31:54.555881Z,41,59,no
109,8a45ad3e-b822-46da-a8ba-aacdaaa8221c,KXGDPYEAR-25-T0.1,500,2025-04-09T17:31:54.555881Z,42,58,no
110,5e0d8b14-09ae-4246-9820-2d75624d54c0,KXGDPYEAR-25-T0.1,3,2025-04-09T17:31:54.555881Z,41,59,no
111,59351720-91f4-4d70-8c12-3f61bd3d9f57,KXGDPYEAR-25-T0.1,471,2025-04-09T17:31:54.555881Z,41,59,no
112,26d8268f-8963-418e-812f-c9e7b6c3a2a2,KXGDPYEAR-25-T0.1,21,2025-04-09T17:31:54.555881Z,41,59,no
113,e6a0151f-8a1b-4aca-8ef6-8b79f1422971,KXGDPYEAR-25-T0.1,21,2025-04-09T05:02:08.401861Z,45,55,yes
114,a4bb7510-88a5-49a2-ab77-4fed64c88e4e,KXGDPYEAR-25-T0.1,239,2025-04-09T03:31:09.341929Z,44,56,yes
115,69029aa6-a183-4fef-8112-efcd3bf8083e,KXGDPYEAR-25-T0.1,10,2025-04-09T02:49:15.126278Z,45,55,yes
116,752cd23c-e7bd-4040-815d-ef25527b0482,KXGDPYEAR-25-T0.1,1,2025-04-09T01:23:55.178847Z,43,57,no
117,edd313f0-7ef3-469b-b81d-33d4e9c3186e,KXGDPYEAR-25-T0.1,1,2025-04-08T12:31:03.904429Z,46,54,yes
118,e723a54c-2a63-476f-989b-46e2819e6ca1,KXGDPYEAR-25-T0.1,5,2025-04-08T12:31:03.904429Z,46,54,yes
119,bd2ba98c-115c-494f-add2-5583de6a5757,KXGDPYEAR-25-T0.1,4,2025-04-08T12:31:03.904429Z,46,54,yes
120,e7bcf3f1-d330-43c2-8d9a-0c8672a17fa4,KXGDPYEAR-25-T0.1,400,2025-04-08T04:40:44.672085Z,44,56,yes
121,a83a4509-1b45-4b5b-989f-e7a6bee72237,KXGDPYEAR-25-T0.1,400,2025-04-08T04:21:33.499894Z,41,59,yes
122,c3b2f288-8d2d-4ae5-8844-0273733078d4,KXGDPYEAR-25-T0.1,25,2025-04-08T04:07:05.338876Z,40,60,no
123,ac02773c-8233-4c32-b2e1-358c4330c267,KXGDPYEAR-25-T0.1,163,2025-04-08T04:07:05.338876Z,41,59,no
124,450cc4a7-044b-4801-bc45-13ccd23ac713,KXGDPYEAR-25-T0.1,141,2025-04-08T04:07:05.338876Z,41,59,no
125,bc0e1373-10de-474e-aef6-87b6c96c6a05,KXGDPYEAR-25-T0.1,5,2025-04-08T02:09:03.785016Z,42,58,no
126,75005d09-26ef-4fdb-a271-5851bea5c400,KXGDPYEAR-25-T0.1,9,2025-04-08T02:09:03.785016Z,41,59,no
127,534017e0-2fa3-4d17-b874-9df7059fef37,KXGDPYEAR-25-T0.1,1,2025-04-08T02:09:03.785016Z,41,59,no
128,aaa60c40-68a3-409d-9304-9bee87b3b505,KXGDPYEAR-25-T0.1,37,2025-04-07T20:13:10.991446Z,44,56,yes
129,7cf6892e-c768-4a11-9b26-6fb91039d8ba,KXGDPYEAR-25-T0.1,163,2025-04-07T20:13:10.991446Z,47,53,yes
130,5c96f725-02df-419a-a582-0282358745ac,KXGDPYEAR-25-T0.1,4,2025-04-07T03:27:33.486133Z,44,56,yes
131,b0f39bb4-8252-40c5-b91f-de486879781e,KXGDPYEAR-25-T0.1,218,2025-04-07T01:52:09.137116Z,44,56,yes
132,c6e90991-b0d4-4979-83f4-8a03292e5e77,KXGDPYEAR-25-T0.1,4,2025-04-07T01:19:49.211517Z,41,59,no
133,986c6fb1-42d0-4e5b-b0ec-18e7ef49ca48,KXGDPYEAR-25-T0.1,1,2025-04-07T01:19:49.211517Z,41,59,no
134,2f163000-e78b-4278-ae42-7a83603424a6,KXGDPYEAR-25-T0.1,215,2025-04-07T01:19:49.211517Z,41,59,no
135,a50be55e-91cb-46b6-9454-7ec6e0887121,KXGDPYEAR-25-T0.1,21,2025-04-06T23:06:16.501394Z,45,55,yes
136,e091966d-f6a9-45a4-94c7-a62c230a98d5,KXGDPYEAR-25-T0.1,30,2025-04-06T22:41:32.848382Z,39,61,yes
137,df9dc747-02ba-49ff-9929-654fa968c7e5,KXGDPYEAR-25-T0.1,1000,2025-04-06T22:41:32.848382Z,37,63,yes
138,cc90d866-3931-42c4-b321-4241c324da02,KXGDPYEAR-25-T0.1,4,2025-04-06T22:41:32.848382Z,38,62,yes
139,c0894c38-3bd4-4922-a993-85e06dd06c71,KXGDPYEAR-25-T0.1,230,2025-04-06T20:47:00.467741Z,36,64,no
140,d046685a-9844-4fb9-98ea-270adac56f33,KXGDPYEAR-25-T0.1,5,2025-04-06T19:17:55.275635Z,36,64,yes
141,c893d2f8-ddd2-40aa-bc4d-477ec4cc54fd,KXGDPYEAR-25-T0.1,1,2025-04-06T19:17:55.275635Z,36,64,yes
142,c597e854-f743-4201-9919-ca90ddd5bdf6,KXGDPYEAR-25-T0.1,10,2025-04-06T19:17:55.275635Z,36,64,yes
143,625682c0-03ee-4516-8423-dbbff9054d85,KXGDPYEAR-25-T0.1,5,2025-04-06T19:17:55.275635Z,36,64,yes
144,2afcaf53-29f3-4408-839c-31a2f0c595c8,KXGDPYEAR-25-T0.1,5,2025-04-06T19:17:55.275635Z,36,64,yes
145,bcd363a1-5b64-420f-8f61-1418ddd00e88,KXGDPYEAR-25-T0.1,13,2025-04-05T18:53:24.324694Z,36,64,yes
146,f988b1ba-a232-4fb3-8eeb-c850e4b02b88,KXGDPYEAR-25-T0.1,3,2025-04-05T14:26:08.826431Z,35,65,yes
147,7ab17ae9-0c3a-418c-82f5-e833800704bb,KXGDPYEAR-25-T0.1,262,2025-04-05T14:26:08.826431Z,36,64,yes
148,a21eb5f5-8e51-4ebd-8f19-4a105a04a7e7,KXGDPYEAR-25-T0.1,5,2025-04-04T23:39:57.437653Z,34,66,no
149,7f58011b-9e75-4823-a4a8-0726488e0296,KXGDPYEAR-25-T0.1,1,2025-04-04T23:39:57.437653Z,34,66,no
150,6cc19534-bbc7-4b51-ab4e-60661dd38dba,KXGDPYEAR-25-T0.1,5,2025-04-04T23:39:57.437653Z,34,66,no
151,17d31d45-a416-4e83-919f-4f715bcd08df,KXGDPYEAR-25-T0.1,5,2025-04-04T23:39:57.437653Z,34,66,no
152,5fd94e04-82e5-4859-83b7-c4822a2a2337,KXGDPYEAR-25-T0.1,2,2025-04-04T21:24:19.857753Z,35,65,yes
153,bdf264e3-a045-4b44-8b97-fd3042318400,KXGDPYEAR-25-T0.1,4,2025-04-04T12:31:15.278837Z,32,68,no
154,bdab6cab-b358-4f3c-a862-160a23925bd7,KXGDPYEAR-25-T0.1,30,2025-04-04T12:31:15.278837Z,32,68,no
155,3f94d5e8-c396-4362-b02c-f72c9d5729d0,KXGDPYEAR-25-T0.1,1179,2025-04-04T12:31:15.278837Z,32,68,no
156,0b457532-dffb-4d76-afd4-08a8366381bf,KXGDPYEAR-25-T0.1,5,2025-04-04T12:31:15.278837Z,33,67,no
157,654f7e35-bcdf-4ea5-8f5f-dad3fc21e91e,KXGDPYEAR-25-T0.1,30,2025-04-04T12:17:38.794019Z,32,68,yes
158,ac38504f-4770-4110-90a2-2a6480653d2a,KXGDPYEAR-25-T0.1,4,2025-04-04T12:17:38.665064Z,30,70,yes
159,294a986f-335e-4055-acf3-1089231f3967,KXGDPYEAR-25-T0.1,1,2025-04-04T12:17:38.665064Z,30,70,yes
160,a26ff5f6-f9ae-434b-a373-d4f115bbc41b,KXGDPYEAR-25-T0.1,460,2025-04-03T23:55:18.917722Z,27,73,no
161,24a5f098-d95f-4c25-9a96-63f5005bc4eb,KXGDPYEAR-25-T0.1,274,2025-04-03T23:06:40.805618Z,27,73,yes
162,b143651f-34d7-4c0f-ba9a-a70b7a3b4e55,KXGDPYEAR-25-T0.1,500,2025-04-03T23:06:33.573483Z,26,74,yes
163,ac9ab740-24ba-47f6-af76-8408b195d318,KXGDPYEAR-25-T0.1,726,2025-04-03T23:06:33.573483Z,27,73,yes
164,6f183bcd-fda8-4430-a883-20895b969dbb,KXGDPYEAR-25-T0.1,24,2025-04-03T23:06:33.573483Z,25,75,yes
165,52905da9-e1bd-4b6a-ab6b-327f6eacc5f6,KXGDPYEAR-25-T0.1,15,2025-04-03T20:01:05.370848Z,25,75,yes
166,fa65b64c-acf2-42e2-8f95-a45183d4c7f3,KXGDPYEAR-25-T0.1,38,2025-04-03T17:37:14.412106Z,25,75,yes
167,b91cf219-4306-4806-81d2-725435e7b9a4,KXGDPYEAR-25-T0.1,19,2025-04-03T16:32:00.935066Z,25,75,yes
168,ca82b52f-9677-4b33-9bb4-efbb52b38118,KXGDPYEAR-25-T0.1,500,2025-04-03T15:33:47.402226Z,24,76,no
169,ebbc3687-48a0-4c85-8d9a-7076a536de1a,KXGDPYEAR-25-T0.1,4,2025-04-03T15:29:23.539658Z,25,75,no
170,f3e39056-843a-4575-ae2a-1928f95a265a,KXGDPYEAR-25-T0.1,5,2025-04-03T15:28:54.663325Z,25,75,no
171,b2190f7e-bdf0-4a71-82dc-a9508b8bfc5a,KXGDPYEAR-25-T0.1,6,2025-04-03T15:03:44.571527Z,27,73,yes
172,690d0887-2333-4d67-af13-24f346f95358,KXGDPYEAR-25-T0.1,9,2025-04-03T15:03:44.571527Z,29,71,yes
173,23da8aa5-2766-46f7-918c-fbff468e1a0c,KXGDPYEAR-25-T0.1,1,2025-04-03T15:03:44.571527Z,28,72,yes
174,7f79b297-2312-4ea3-9273-ab749bebda3b,KXGDPYEAR-25-T0.1,194,2025-04-03T02:10:44.47991Z,25,75,yes
175,1d9d2eac-d956-496f-8a18-70a08422f456,KXGDPYEAR-25-T0.1,961,2025-04-03T02:10:44.47991Z,24,76,yes
176,b0e3bc2b-fd7c-4855-a7ef-4dbc071a7608,KXGDPYEAR-25-T0.1,39,2025-04-03T00:09:22.061139Z,24,76,yes
177,6c3355c7-6306-4e37-aeb3-c3357011ac1d,KXGDPYEAR-25-T0.1,5,2025-04-02T22:15:36.384664Z,26,74,yes
178,9bb1ef1d-bb98-4249-9762-8c0fbdcb1d88,KXGDPYEAR-25-T0.1,3,2025-04-02T21:37:12.108336Z,24,76,yes
179,dfa74d5d-6b5b-4d3e-bef1-f0fc813e206b,KXGDPYEAR-25-T0.1,4,2025-04-02T21:31:43.008388Z,18,82,yes
180,ce73aad7-2dad-4a76-8306-f265c0098773,KXGDPYEAR-25-T0.1,498,2025-04-02T21:31:43.008388Z,18,82,yes
181,b1163d0e-e743-418d-9f16-0538b23dabdd,KXGDPYEAR-25-T0.1,2890,2025-04-02T21:31:43.008388Z,19,81,yes
182,5cda147d-461f-4679-86d9-a2e5d9528136,KXGDPYEAR-25-T0.1,9,2025-04-02T21:31:43.008388Z,19,81,yes
183,1bd54400-5f22-4424-aa5e-f7583cb6b405,KXGDPYEAR-25-T0.1,2,2025-04-02T21:15:42.473207Z,18,82,yes
184,cf4c79c3-03c9-43ee-84a9-adb2d7c36111,KXGDPYEAR-25-T0.1,300,2025-04-02T20:43:08.719529Z,17,83,yes
185,471c0cfb-5472-49b9-aaa0-6370d5aa5e38,KXGDPYEAR-25-T0.1,198,2025-04-02T20:43:08.719529Z,17,83,yes
186,644e5b1b-90ec-44b7-8060-38173d55540a,KXGDPYEAR-25-T0.1,4,2025-04-02T18:34:09.06944Z,17,83,yes
187,a7031683-6cd8-49b4-8159-e762c360122c,KXGDPYEAR-25-T0.1,98,2025-04-02T17:33:52.428854Z,17,83,yes
188,80669ad6-37f1-4c01-9e6a-3e2bff82fdcc,KXGDPYEAR-25-T0.1,144,2025-04-02T17:33:52.428854Z,17,83,yes
189,ca526b76-12fc-434f-b79b-8066068da11e,KXGDPYEAR-25-T0.1,16,2025-04-02T00:27:49.108722Z,17,83,yes
190,24b8d056-ed0b-4fc3-aecf-a594acd0e18b,KXGDPYEAR-25-T0.1,5,2025-04-01T21:50:20.529617Z,17,83,yes
191,c8afa9ab-208b-41c9-b2ab-5759f80e178b,KXGDPYEAR-25-T0.1,167,2025-04-01T03:35:26.993577Z,16,84,yes
192,c52fc1d3-c1d6-4f2c-8e03-589fcb216c95,KXGDPYEAR-25-T0.1,832,2025-04-01T03:35:26.993577Z,17,83,yes
193,e6965f64-d033-47cc-ac13-1c0e3dcc34b0,KXGDPYEAR-25-T0.1,33,2025-04-01T03:02:48.713701Z,16,84,yes
194,e0d6ad03-bfc5-46a4-ba36-ac08715f2f3d,KXGDPYEAR-25-T0.1,197,2025-04-01T03:02:48.713701Z,16,84,yes
195,c8e19107-02ec-4513-97f5-714daa018d5c,KXGDPYEAR-25-T0.1,5,2025-03-30T04:23:48.050436Z,15,85,no
196,aa30ccd2-bb9f-4b73-a817-9c378b506fa4,KXGDPYEAR-25-T0.1,3,2025-03-28T17:36:45.322173Z,16,84,yes
197,8a04e5b4-38e7-4ac9-9a50-0bc53c678ed7,KXGDPYEAR-25-T0.1,3,2025-03-24T14:10:38.669958Z,17,83,yes
198,ee68acfa-17ca-4fd0-b96d-911335f91112,KXGDPYEAR-25-T0.1,85,2025-03-22T12:25:44.651717Z,15,85,no
199,47c41c96-fe92-4ab6-b0d2-f7bd5ba4d6be,KXGDPYEAR-25-T0.1,127,2025-03-20T23:46:55.561035Z,15,85,no
200,a48d218f-93a5-47ab-8fd7-124ebeb91bc6,KXGDPYEAR-25-T0.1,5,2025-03-17T13:30:31.417545Z,15,85,yes
201,66aad9b6-8cce-4c59-95bb-7fb3786a69d8,KXGDPYEAR-25-T0.1,25,2025-03-17T12:31:59.061775Z,14,86,no
202,d210ad1d-6adc-47e9-9096-41acbde58164,KXGDPYEAR-25-T0.1,5,2025-03-13T22:23:45.952841Z,18,82,yes
203,9e78818c-396d-496b-a62b-c357997519d7,KXGDPYEAR-25-T0.1,4,2025-03-12T12:18:23.496773Z,19,81,yes
204,10db638c-3387-4e09-a4cb-5155410e5f75,KXGDPYEAR-25-T0.1,3,2025-03-12T02:32:54.13606Z,19,81,yes
205,49048687-0c7b-4649-bd3d-dde9bde5522b,KXGDPYEAR-25-T0.1,1,2025-03-09T18:30:26.167099Z,16,84,no
206,415ee513-36ee-4d0a-860d-e901364ad4f8,KXGDPYEAR-25-T0.1,499,2025-03-09T18:30:26.167099Z,16,84,no
207,962811a2-9eef-47f8-b557-09f7115b6202,KXGDPYEAR-25-T0.1,4,2025-03-08T01:48:52.843177Z,18,82,yes
208,7036280c-3168-4857-ae84-e71b537e2d59,KXGDPYEAR-25-T0.1,24,2025-03-08T00:31:16.823645Z,18,82,yes
209,e385cf68-eeb9-40b7-b544-6a25b8481e27,KXGDPYEAR-25-T0.1,3,2025-03-07T13:33:11.406937Z,17,83,no
210,d04723e6-2b17-472b-acbc-696539c03aee,KXGDPYEAR-25-T0.1,1557,2025-03-07T13:33:11.406937Z,17,83,no
211,c07ddbed-098a-4a70-a47d-ca3e3567cd9e,KXGDPYEAR-25-T0.1,2,2025-03-07T02:41:06.955919Z,17,83,no
212,d468f8d1-4526-4609-b1c4-9e61fd9e25f7,KXGDPYEAR-25-T0.1,4,2025-03-06T17:42:11.756449Z,19,81,yes
213,94abefc5-e91b-4bb1-b887-35b5147a935c,KXGDPYEAR-25-T0.1,99,2025-03-06T05:41:11.049282Z,19,81,yes
214,3143488a-0c33-4f30-9615-5d834c67b1da,KXGDPYEAR-25-T0.1,890,2025-03-05T23:24:22.736029Z,17,83,yes
215,e4a3572d-6f0b-4568-a8aa-fbd7e5ddffb3,KXGDPYEAR-25-T0.1,50,2025-03-05T20:31:15.969065Z,16,84,yes
216,500460aa-da7d-43e6-9426-cd29697f1909,KXGDPYEAR-25-T0.1,19,2025-03-05T05:08:50.39438Z,17,83,yes
217,cfc833f3-b6fe-4726-8629-4af3003a0f62,KXGDPYEAR-25-T0.1,9,2025-03-05T03:26:48.543481Z,15,85,yes
218,63a29716-655a-4829-a429-9b4f08127e47,KXGDPYEAR-25-T0.1,91,2025-03-05T03:26:48.543481Z,17,83,yes
219,e0b226b9-6ab8-4e47-8794-c361ff312876,KXGDPYEAR-25-T0.1,591,2025-03-05T03:22:47.773306Z,15,85,yes
220,ad05cb3b-e70f-4a46-bffd-7ecf2b63a745,KXGDPYEAR-25-T0.1,29,2025-03-05T03:22:47.773306Z,15,85,yes
221,f78359d7-3d5a-4fc9-bdee-4e63e5d94f58,KXGDPYEAR-25-T0.1,950,2025-03-05T03:20:51.914336Z,15,85,yes
222,d5d64794-d68a-4ea2-9591-5433696d31c8,KXGDPYEAR-25-T0.1,1021,2025-03-05T03:19:35.250572Z,15,85,yes
223,b5f3e205-9d8a-44ae-9615-8a004f0ff170,KXGDPYEAR-25-T0.1,979,2025-03-05T03:19:35.250572Z,15,85,yes
224,e1b4e232-d02c-4908-ad70-0bf841d496c2,KXGDPYEAR-25-T0.1,125,2025-03-01T15:11:46.984551Z,15,85,yes
225,eeb8b01a-7ce5-40fb-bf68-b0d5b02f6e75,KXGDPYEAR-25-T0.1,3,2025-02-28T21:56:48.571985Z,14,86,yes
226,c37fabf6-f89b-454b-af50-9aea199d1615,KXGDPYEAR-25-T0.1,1,2025-02-28T21:56:48.571985Z,14,86,yes
227,752cba4c-e27a-4cb6-961b-a8fa4544dfb6,KXGDPYEAR-25-T0.1,896,2025-02-28T21:56:48.571985Z,15,85,yes
228,41bda8b4-f341-402f-9376-826645826fc2,KXGDPYEAR-25-T0.1,100,2025-02-28T21:56:48.571985Z,14,86,yes
229,573013c5-db35-4e44-8f2b-305365ab2f1a,KXGDPYEAR-25-T0.1,4,2025-02-28T21:48:53.365371Z,13,87,no
230,d999097a-19ce-419b-8169-3a39811c71d1,KXGDPYEAR-25-T0.1,1,2025-02-28T21:48:31.700539Z,13,87,no
231,848d761c-5661-4762-8336-06c051dc18b5,KXGDPYEAR-25-T0.1,100,2025-02-28T16:44:37.339813Z,13,87,no
232,d2e450e4-4b07-4a8d-beb2-fb4fbfe552ab,KXGDPYEAR-25-T0.1,10,2025-02-28T16:07:23.477497Z,13,87,yes
233,ced5ffba-1c23-42f3-9fff-f74d9ec3a0e4,KXGDPYEAR-25-T0.1,10,2025-02-28T16:07:23.477497Z,13,87,yes
234,7516629e-9aef-4625-bbe4-0928b7425ce3,KXGDPYEAR-25-T0.1,1230,2025-02-28T16:07:23.477497Z,14,86,yes
235,ffacce65-7bdc-4fdf-bbbb-ba7e5d7c42af,KXGDPYEAR-25-T0.1,100,2025-02-28T16:07:23.366348Z,12,88,yes
236,c9e03fbb-3df7-4c49-b431-8fe789f94dac,KXGDPYEAR-25-T0.1,50,2025-02-28T16:07:23.366348Z,12,88,yes
237,a4c5d22e-c6ef-4141-ba22-c47ecb23c8d9,KXGDPYEAR-25-T0.1,71,2025-02-28T16:07:23.366348Z,12,88,yes
238,21ffc695-2305-4e7a-8aa3-c71e493c7e21,KXGDPYEAR-25-T0.1,50,2025-02-28T16:07:23.366348Z,12,88,yes
239,78b43e46-4e58-472b-ac0c-61d3671e5767,KXGDPYEAR-25-T0.1,85,2025-02-22T17:41:33.294843Z,11,89,yes
240,739c875a-e2a3-4eff-8084-8ef2043d854c,KXGDPYEAR-25-T0.1,200,2025-02-16T17:51:18.396571Z,12,88,no
241,f4b44efc-82d2-4f27-ac9b-4f7ad1fe9108,KXGDPYEAR-25-T0.1,114,2025-02-03T22:22:40.478582Z,13,87,no
242,e994f6bb-9404-4d95-bd11-7a96bf1bd052,KXGDPYEAR-25-T0.1,1259,2025-02-03T22:22:40.478582Z,13,87,no
243,07eadc9c-c05b-4ee2-8e7c-c35463b4a13f,KXGDPYEAR-25-T0.1,2146,2025-02-03T22:22:40.478582Z,13,87,no
244,9aefbf14-8d6a-42fa-95f5-ff692d1d8e73,KXGDPYEAR-25-T0.1,1,2025-02-03T15:51:04.508447Z,14,86,yes
245,2b7df0bc-6ccf-4b42-93cc-aadd8e89d2b3,KXGDPYEAR-25-T0.1,1000,2025-02-02T06:14:14.369128Z,14,86,yes
246,0c482757-9cc4-4ebf-8f33-2aebfb86859f,KXGDPYEAR-25-T0.1,200,2025-02-02T05:53:23.767517Z,14,86,yes
247,bf0bda5b-8667-43d7-aff4-bc46e91ab803,KXGDPYEAR-25-T0.1,82,2025-02-02T03:57:12.488608Z,13,87,no
248,65af1e39-ae31-46be-9165-1fc59e631827,KXGDPYEAR-25-T0.1,9600,2025-02-02T03:57:12.488608Z,13,87,no
249,3c452820-0fe4-4938-af69-6b5577502d17,KXGDPYEAR-25-T0.1,15,2025-02-02T03:57:12.488608Z,13,87,no
250,2a6cfa68-060e-4a9d-8293-41dc4a9fb5e5,KXGDPYEAR-25-T0.1,2337,2025-02-02T03:14:36.783416Z,14,86,yes
251,ff1842c9-8143-458e-8993-647b6b0f5311,KXGDPYEAR-25-T0.1,335,2025-02-02T02:48:29.686965Z,13,87,yes
252,c22ea89a-b54f-495f-9474-d4dd6fd78a6d,KXGDPYEAR-25-T0.1,2,2025-02-02T02:48:29.686965Z,13,87,yes
253,8ac2c87f-574f-4a96-baf9-a48c9435083a,KXGDPYEAR-25-T0.1,326,2025-02-02T02:48:29.686965Z,13,87,yes
254,7c7c8bb2-7f6f-48e4-83a2-9ce11a914851,KXGDPYEAR-25-T0.1,61,2025-02-01T01:21:46.662473Z,13,87,yes
255,61abbfeb-a9fe-47eb-adb4-4272e3f366c5,KXGDPYEAR-25-T0.1,20,2025-02-01T01:21:46.662473Z,13,87,yes
256,a3a0033e-da41-4819-a3bb-9b8da78f7399,KXGDPYEAR-25-T0.1,1,2025-02-01T01:20:00.635735Z,12,88,yes
257,cbaadc4d-0336-496e-931d-311943d6033b,KXGDPYEAR-25-T0.1,99,2025-02-01T01:19:30.670751Z,12,88,yes
258,d64e8207-a14f-4654-8fe0-949634d5188a,KXGDPYEAR-25-T0.1,4,2025-02-01T01:19:17.422798Z,11,89,yes
259,00e50fd1-7e1c-4ba0-a404-dac2ac611734,KXGDPYEAR-25-T0.1,15,2025-02-01T01:19:17.422798Z,11,89,yes
260,e0c8d67b-7613-4a6f-87f0-7916bd2910a5,KXGDPYEAR-25-T0.1,50,2025-01-31T05:11:57.323526Z,10,90,yes
261,a4648e86-9619-4273-bbf2-c12218c29f61,KXGDPYEAR-25-T0.1,7,2025-01-31T05:11:57.323526Z,11,89,yes
262,ca5dad24-6f68-4a23-bf7b-ce7f47420954,KXGDPYEAR-25-T0.1,9938,2025-01-31T01:27:06.125663Z,10,90,no
263,94213862-3dab-4cc8-8177-cce87d2e0d1c,KXGDPYEAR-25-T0.1,2,2025-01-31T01:27:06.125663Z,10,90,no
264,3d712436-d94d-41c8-97c2-a444ba27f33c,KXGDPYEAR-25-T0.1,2,2025-01-30T13:32:54.495814Z,11,89,no
265,d17384b2-803d-4bed-b5eb-e25ea5e89487,KXGDPYEAR-25-T0.1,26,2025-01-23T02:20:24.562027Z,11,89,no
266,ab72ee33-3c9d-4899-8f18-02814a2fc43d,KXGDPYEAR-25-T0.1,14,2025-01-23T02:20:24.562027Z,11,89,no
267,ae20c3ae-169d-41f4-8fb6-86e0de8e8b71,KXGDPYEAR-25-T0.1,13,2025-01-23T00:34:53.474136Z,14,86,yes
268,51796d72-08c8-490f-ba37-c3a547e05741,KXGDPYEAR-25-T0.1,114,2025-01-22T20:14:03.174135Z,11,89,no
269,c185c8d9-fdec-4b3b-98a1-179795915c13,KXGDPYEAR-25-T0.1,2,2025-01-21T14:00:29.516493Z,11,89,yes
270,ef8db5bd-e0fa-4693-a605-b02fd1ce32e5,KXGDPYEAR-25-T0.1,1,2025-01-20T19:16:16.975049Z,11,89,no
271,3b1ca561-324e-4d38-a4cf-5e2e5b2e6fef,KXGDPYEAR-25-T0.1,5,2025-01-20T19:16:16.975049Z,10,90,no
272,3de73b78-fa3d-42c3-89cf-0dba80f0280a,KXGDPYEAR-25-T0.1,24,2025-01-20T19:14:08.448515Z,11,89,no
273,13a89fcb-91f2-40b2-a207-929471e1d73c,KXGDPYEAR-25-T0.1,80,2025-01-20T19:14:08.448515Z,11,89,no
274,85b6e8a9-c99c-4548-b359-a8b359078ff4,KXGDPYEAR-25-T0.1,10,2025-01-20T18:17:32.542334Z,11,89,no
275,643fd05e-e213-4113-86b2-4f17b6459e18,KXGDPYEAR-25-T0.1,42,2025-01-20T18:16:52.115258Z,11,89,no
276,ded99b12-ca09-42e1-bde9-4018f4f8d4e2,KXGDPYEAR-25-T0.1,1499,2025-01-20T18:16:29.136187Z,12,88,no
277,ed7e884c-8c4a-47aa-b365-f8cd66ce87c5,KXGDPYEAR-25-T0.1,5,2025-01-20T18:16:12.859768Z,12,88,no
278,34a3f0a9-0bcb-4ac9-9da2-974d81aab1db,KXGDPYEAR-25-T0.1,1468,2025-01-20T18:16:12.859768Z,12,88,no
279,e6e3bc88-9770-45fc-9a2f-c2a58949d840,KXGDPYEAR-25-T0.1,1067,2025-01-06T20:58:56.133552Z,16,84,yes
280,cb7e89a0-fce7-45a9-be68-390fcb435cd2,KXGDPYEAR-25-T0.1,1500,2025-01-06T20:58:56.133552Z,18,82,yes
281,ca6e7e74-285e-426f-b918-f64458a5a4ef,KXGDPYEAR-25-T0.1,1000,2025-01-06T20:58:56.133552Z,18,82,yes
282,6441da34-9ff9-4743-b3b1-41fdec468cc6,KXGDPYEAR-25-T0.1,894,2025-01-06T20:58:56.133552Z,18,82,yes
283,641025d2-9c77-42f3-9537-81e1576c06a0,KXGDPYEAR-25-T0.1,1233,2025-01-06T20:58:56.133552Z,16,84,yes
284,45fd688a-4725-4534-b6ed-a679194f5c4c,KXGDPYEAR-25-T0.1,1400,2025-01-06T20:58:56.133552Z,17,83,yes
285,2af1133d-e33b-4a52-b816-12cbb2ab4d2c,KXGDPYEAR-25-T0.1,91,2025-01-06T20:58:56.133552Z,15,85,yes
286,05f6eead-fa11-4eeb-8198-83faa5380dee,KXGDPYEAR-25-T0.1,930,2025-01-06T20:58:56.133552Z,17,83,yes
287,0207e7be-cdfb-4018-840d-91387d3b7fa2,KXGDPYEAR-25-T0.1,170,2025-01-06T20:58:56.133552Z,17,83,yes
288,153fe080-d5d6-4e81-8488-96a30d9042f6,KXGDPYEAR-25-T0.1,67,2025-01-06T03:37:11.961755Z,16,84,yes
289,06a9c08f-be4b-4aa0-97bf-d0a6f5ac3cb9,KXGDPYEAR-25-T0.1,11,2025-01-05T20:27:13.260813Z,12,88,no
290,821ea6b6-759c-4544-b724-772f47e1e47d,KXGDPYEAR-25-T0.1,50,2025-01-04T05:10:54.227787Z,16,84,yes
291,59b36ff8-bec7-4a63-9fce-47783816854c,KXGDPYEAR-25-T0.1,170,2025-01-04T05:10:54.227787Z,17,83,yes
292,6306c8b0-0e25-4a66-9224-8e7c44946129,KXGDPYEAR-25-T0.1,200,2025-01-01T20:05:57.617979Z,14,86,yes
293,f50bcaa5-17c0-4bb6-869f-ba7e6d02c0aa,KXGDPYEAR-25-T0.1,344,2025-01-01T20:05:57.544732Z,13,87,yes
294,f7d544e4-06d8-4311-a016-b7844064081c,KXGDPYEAR-25-T0.1,500,2025-01-01T19:47:46.091929Z,14,86,no
295,bb0a2e62-372f-4acc-a163-b843ba6b4369,KXGDPYEAR-25-T0.1,800,2025-01-01T19:47:46.091929Z,14,86,no
296,4ecbda6b-0558-42c8-a0e2-2dbfae89be74,KXGDPYEAR-25-T0.1,1399,2025-01-01T19:45:38.615414Z,15,85,no
297,00d1468e-2905-4e17-ad44-23c03b8cc6a9,KXGDPYEAR-25-T0.1,1,2025-01-01T19:45:38.615414Z,15,85,no
298,6eb80703-d9d8-4537-b015-8bda484af93f,KXGDPYEAR-25-T0.1,1,2025-01-01T18:09:45.311337Z,15,85,no
299,a489d544-5f06-4215-9f9d-bdf5932c62d6,KXGDPYEAR-25-T0.1,10,2024-12-30T00:08:29.219706Z,9,91,yes
300,49ef66dd-d616-4396-b185-1ccae56a2850,KXGDPYEAR-25-T0.1,52,2024-12-28T01:05:40.24986Z,9,91,yes
301,1722f2ff-454a-44a8-9276-9a04a49cc93e,KXGDPYEAR-25-T0.1,52,2024-12-28T01:03:39.387894Z,9,91,yes
302,c95f0701-9ee8-44dc-aa88-46adc4b6c9a3,KXGDPYEAR-25-T0.1,3,2024-12-21T19:59:36.314107Z,2,98,no
303,f6a5a0d4-b87c-4a07-ad10-79f8f3cf49ba,KXGDPYEAR-25-T0.1,9,2024-12-20T15:35:07.815845Z,20,80,yes
304,dceef123-a1ba-4af7-b13d-c913cae56782,KXGDPYEAR-25-B0.3,62,2025-07-17T12:58:18.557466Z,7,93,no
305,ad981739-8945-4c2a-80d2-5f68ff15003c,KXGDPYEAR-25-B0.3,3605,2025-07-17T12:37:00.693555Z,8,92,no
306,8b639b76-4799-404b-ad7a-da25b9af4f84,KXGDPYEAR-25-B0.3,1,2025-07-17T12:37:00.693555Z,8,92,no
307,93218a65-bbe0-4e66-a9f2-aa20aa4afee2,KXGDPYEAR-25-B0.3,12,2025-07-17T12:35:06.143101Z,9,91,no
308,7da710e2-bf27-4a6e-a2ba-1e433a852bad,KXGDPYEAR-25-B0.3,4318,2025-07-17T12:35:06.143101Z,9,91,no
309,67f733ba-623d-48b6-93a7-cb54eb0ac34c,KXGDPYEAR-25-B0.3,449,2025-07-05T00:39:04.707516Z,9,91,no
310,d6328910-5fba-4358-8752-f9288a13765d,KXGDPYEAR-25-B0.3,10,2025-07-03T18:49:05.988271Z,9,91,no
311,4febd48f-50e6-46b8-ae21-c42b5addd907,KXGDPYEAR-25-B0.3,32,2025-07-03T18:49:05.988271Z,9,91,no
312,83d9362a-cd10-45c2-9cf2-aaf0133db843,KXGDPYEAR-25-B0.3,93,2025-07-03T13:04:43.960259Z,9,91,no
313,3e54c8a4-2c33-4a7e-a708-25428448b5b7,KXGDPYEAR-25-B0.3,194,2025-07-02T23:03:52.578382Z,9,91,no
314,bb943314-85dc-4760-96f1-e9a2525ed563,KXGDPYEAR-25-B0.3,4469,2025-06-28T19:52:28.966531Z,10,90,no
315,9524f032-2231-4fbb-af6f-d8cf3d7deff8,KXGDPYEAR-25-B0.3,20,2025-06-28T19:52:28.966531Z,10,90,no
316,6c0cea30-aeb9-42bc-bc4f-14b9886f57b6,KXGDPYEAR-25-B0.3,102,2025-06-27T13:15:15.951723Z,11,89,no
317,accc3f31-d2da-4d6a-a72c-d1aa74194e05,KXGDPYEAR-25-B0.3,697,2025-06-27T13:09:52.143015Z,11,89,no
318,541fadf5-eef5-4881-8c2b-0b945e43c3ab,KXGDPYEAR-25-B0.3,269,2025-06-27T13:09:52.143015Z,11,89,no
319,bd00f9cf-37b7-42ce-8197-bff001680038,KXGDPYEAR-25-B0.3,10,2025-06-24T16:13:14.186922Z,12,88,yes
320,83482aa4-1f19-4d9b-89b2-5c804ba98160,KXGDPYEAR-25-B0.3,63,2025-06-24T16:13:14.186922Z,13,87,yes
321,f4ab88bd-06db-47d0-a772-20dede3b2756,KXGDPYEAR-25-B0.3,3,2025-06-19T18:03:55.063976Z,13,87,yes
322,1f08bffe-48e1-4b6b-b9c3-0694a145b3a0,KXGDPYEAR-25-B0.3,12,2025-06-19T18:03:55.063976Z,12,88,yes
323,88c304cd-7591-4e2e-800c-b1df0447d867,KXGDPYEAR-25-B0.3,12,2025-06-02T22:17:41.085866Z,15,85,yes
324,6fdcc6d1-1d1e-49dd-8253-fe37fbb63328,KXGDPYEAR-25-B0.3,6,2025-06-02T22:17:32.266983Z,15,85,yes
325,e3945d97-1ec8-4934-a3ed-ad7c0cc33738,KXGDPYEAR-25-B0.3,300,2025-05-30T15:10:25.793598Z,12,88,no
326,54539128-c700-4b30-92e7-5dbb11fa1bdd,KXGDPYEAR-25-B0.3,62,2025-05-29T14:19:39.336385Z,15,85,yes
327,c0876c57-06ca-40e7-803f-49c46f42b4db,KXGDPYEAR-25-B0.3,3,2025-05-24T15:11:36.53968Z,15,85,no
328,5ccf8e07-1bf1-4df9-8366-fba13f595f2c,KXGDPYEAR-25-B0.3,555,2025-05-19T01:43:29.921216Z,17,83,yes
329,2e3148bc-0a79-442e-bc5c-4e3a361c9e96,KXGDPYEAR-25-B0.3,20,2025-05-19T00:36:51.261994Z,16,84,yes
330,1c1aa844-2cfe-47b0-8758-94e77cf9b42b,KXGDPYEAR-25-B0.3,300,2025-05-19T00:36:51.261994Z,17,83,yes
331,17f997f2-6579-47c8-b536-40055e902d6c,KXGDPYEAR-25-B0.3,251,2025-05-19T00:36:51.261994Z,16,84,yes
332,ecd62db6-e43d-4102-a8ce-0c2d20c13701,KXGDPYEAR-25-B0.3,40,2025-05-13T18:52:40.120631Z,13,87,no
333,aace668b-83be-41c1-8814-d2b16a283b89,KXGDPYEAR-25-B0.3,79,2025-05-13T18:52:40.120631Z,12,88,no
334,ec37a345-ee17-477d-aded-1969d18173b9,KXGDPYEAR-25-B0.3,40,2025-05-13T18:51:58.346497Z,19,81,yes
335,4f9f8ce3-40e1-4ecc-8341-3f6df748a605,KXGDPYEAR-25-B0.3,77,2025-05-13T18:51:58.346497Z,14,86,yes
336,391ea82b-1013-45fd-ac86-76896a943b05,KXGDPYEAR-25-B0.3,2,2025-05-13T18:51:58.346497Z,18,82,yes
337,3d070ed7-c176-4cc0-8c71-7012b6e7a1aa,KXGDPYEAR-25-B0.3,200,2025-05-08T16:47:20.481114Z,14,86,yes
338,fb4d2599-e637-4b1f-aa0b-5f05b819c52c,KXGDPYEAR-25-B0.3,10,2025-05-01T23:11:54.908204Z,14,86,yes
339,cdb05e80-48d5-40e2-a233-f49995f29fb0,KXGDPYEAR-25-B0.3,13,2025-04-29T19:42:04.89477Z,14,86,yes
340,b44d42a6-da57-4656-94ab-cac978383505,KXGDPYEAR-25-B0.3,33,2025-04-29T14:35:36.972277Z,14,86,yes
341,5201ef5c-3aeb-4c13-8c19-c4a30f8d151f,KXGDPYEAR-25-B0.3,6,2025-04-24T21:58:42.963719Z,14,86,yes
342,e7d7e1fd-fbf5-4446-9087-9704c5e5ab29,KXGDPYEAR-25-B0.3,6,2025-04-23T00:08:53.270131Z,14,86,yes
343,ccb9d582-d954-4be7-b0de-78b344819127,KXGDPYEAR-25-B0.3,938,2025-04-18T19:00:57.990675Z,11,89,no
344,6a876d9d-b962-45a9-bf71-90f35881e81c,KXGDPYEAR-25-B0.3,44,2025-04-18T00:33:08.625886Z,13,87,yes
345,55a1cd41-409c-419a-90d3-da8f4fd982eb,KXGDPYEAR-25-B0.3,100,2025-04-18T00:33:08.625886Z,13,87,yes
346,8b3c7390-9f4d-40d7-8c88-d74168c5ecc5,KXGDPYEAR-25-B0.3,1,2025-04-16T18:45:59.164757Z,11,89,no
347,b45806f4-6f36-49ab-8d64-11a0da3281ad,KXGDPYEAR-25-B0.3,10,2025-04-10T14:32:38.537032Z,14,86,yes
348,0f79b526-7e4c-4791-b7ea-552b68701140,KXGDPYEAR-25-B0.3,13,2025-04-10T00:01:53.985407Z,14,86,yes
349,3535d67e-183b-4bea-89f5-c3d56a052c82,KXGDPYEAR-25-B0.3,1,2025-04-09T01:24:10.526774Z,14,86,yes
350,3c42441a-d722-4b76-a8af-4c84280a0521,KXGDPYEAR-25-B0.3,7,2025-04-08T06:57:53.291223Z,13,87,yes
351,1114d252-ddfc-43fc-8808-5b0176a590d0,KXGDPYEAR-25-B0.3,43,2025-04-08T06:57:53.291223Z,13,87,yes
352,8e3f0d50-0723-4633-8a6d-703571a00ecc,KXGDPYEAR-25-B0.3,21,2025-04-07T17:44:17.490696Z,13,87,yes
353,10bbb7df-6852-4bcb-91c5-24dedb3bb09a,KXGDPYEAR-25-B0.3,72,2025-04-07T02:26:03.605864Z,13,87,yes
354,2180661d-70a3-4660-be8a-52978aaabc79,KXGDPYEAR-25-B0.3,15,2025-04-07T00:11:01.852993Z,11,89,no
355,baa34b88-c06a-4e25-b7af-e3870b1a6554,KXGDPYEAR-25-B0.3,500,2025-04-03T23:57:34.069017Z,12,88,no
356,e81b97ef-d3ff-43c4-9f9d-1f087689b97e,KXGDPYEAR-25-B0.3,35,2025-04-03T15:03:29.878751Z,13,87,yes
357,530109e8-5f7e-4034-a9ba-a25b745bb584,KXGDPYEAR-25-B0.3,51,2025-04-02T22:15:44.324893Z,12,88,no
358,b6e914bc-f912-4a66-813c-48d13b91d2b6,KXGDPYEAR-25-B0.3,150,2025-03-29T21:11:25.518839Z,12,88,yes
359,0c7d429f-bc60-4ac2-bd17-51c2d53cbf0d,KXGDPYEAR-25-B0.3,50,2025-03-29T21:11:25.518839Z,12,88,yes
360,e792ad86-673c-4442-aaaf-f5c0b660081a,KXGDPYEAR-25-B0.3,15,2025-03-28T02:38:49.660916Z,12,88,yes
361,fef42000-d6f2-4e91-abb9-fae42b582927,KXGDPYEAR-25-B0.3,7,2025-03-25T04:56:31.32753Z,12,88,yes
362,22a45525-2bd0-42c4-b91f-c87f93f1351a,KXGDPYEAR-25-B0.3,187,2025-03-22T12:25:39.609278Z,9,91,no
363,6dfd47ab-7964-4f5c-94fe-effc8624f7de,KXGDPYEAR-25-B0.3,3,2025-03-21T03:18:47.016372Z,12,88,yes
364,3b965db4-1873-4ea9-8c33-73903e525009,KXGDPYEAR-25-B0.3,99,2025-03-20T23:48:42.608705Z,9,91,no
365,92230c7d-622c-4113-8567-dd1876ebf36c,KXGDPYEAR-25-B0.3,2,2025-03-20T21:37:15.152483Z,12,88,yes
366,dbe80f27-3805-49a7-bac3-d63655e5c065,KXGDPYEAR-25-B0.3,23,2025-03-15T00:11:11.305239Z,12,88,yes
367,c3848c03-0c49-4257-8920-6401a5e2c04f,KXGDPYEAR-25-B0.3,2,2025-03-07T22:56:16.237588Z,12,88,yes
368,dd5b6efc-48d9-41b3-83c7-5b44b8f8b7e8,KXGDPYEAR-25-B0.3,1100,2025-03-07T13:32:44.122289Z,11,89,no
369,df47c15a-b98b-4549-b06d-28fdfeff2bcd,KXGDPYEAR-25-B0.3,43,2025-03-05T15:32:28.333085Z,12,88,yes
370,ac075f45-32c2-4c3a-ae53-fdb6e58854ec,KXGDPYEAR-25-B0.3,119,2025-03-05T15:32:28.333085Z,12,88,yes
371,67de993c-1c94-4b77-961f-7578dd8713a5,KXGDPYEAR-25-B0.3,20,2025-03-05T15:32:28.333085Z,12,88,yes
372,a0c9f2cf-dea0-4644-a318-d353769f027e,KXGDPYEAR-25-B0.3,2000,2025-03-04T06:34:13.882439Z,10,90,yes
373,286a59e7-02a8-4e6a-a819-aae02555f4a8,KXGDPYEAR-25-B0.3,100,2025-03-04T06:34:13.882439Z,9,91,yes
374,b4327146-2706-4a70-bbc8-b27f8bdb3c33,KXGDPYEAR-25-B0.3,1000,2025-02-28T21:57:06.584103Z,10,90,yes
375,a4bd3144-09de-4524-86e9-df0b154e4f26,KXGDPYEAR-25-B0.3,49,2025-02-28T21:57:06.584103Z,9,91,yes
376,a66bb1bd-fb9f-477c-a68f-b2ae46a5a539,KXGDPYEAR-25-B0.3,41,2025-02-28T21:49:03.170063Z,9,91,yes
377,257d3b78-d6b8-40df-bade-79b8038e52c0,KXGDPYEAR-25-B0.3,10,2025-02-28T21:48:18.124467Z,9,91,yes
378,dbc86e8a-35ad-4863-b50b-e4cf6aa47a90,KXGDPYEAR-25-B0.3,200,2025-02-28T16:07:25.086033Z,5,95,yes
379,8c7ba56c-fd72-4cc6-860c-f3ef8f37267b,KXGDPYEAR-25-B0.3,2625,2025-02-28T16:07:25.086033Z,5,95,yes
380,74169332-1686-46f5-a133-c79bfd5cce18,KXGDPYEAR-25-B0.3,100,2025-02-28T16:07:24.952011Z,4,96,yes
381,676e0a5c-a53d-4d2a-ae4b-26406e2a034e,KXGDPYEAR-25-B0.3,37,2025-02-25T15:36:26.216164Z,5,95,yes
382,e5dba4d1-5912-4f0b-b2f8-60bf99d07b6e,KXGDPYEAR-25-B0.3,187,2025-02-22T17:41:47.191907Z,5,95,yes
383,f1967e26-170d-411c-a8cd-dc322b8fd40b,KXGDPYEAR-25-B0.3,50,2025-02-16T19:27:32.447979Z,4,96,no
384,99bda2eb-8fe4-41c1-b66a-146050964f28,KXGDPYEAR-25-B0.3,1,2025-02-03T15:50:55.458295Z,5,95,yes
385,95a9ec1d-c60d-4eea-908f-98f15b27cbcd,KXGDPYEAR-25-B0.3,50,2025-02-03T04:48:45.694964Z,5,95,yes
386,a3adc115-6c1a-48cd-be6c-fe9061bf36b1,KXGDPYEAR-25-B0.3,100,2025-02-02T05:54:25.103083Z,5,95,yes
387,7d2d53d7-3f21-404c-9dee-dca2463538b2,KXGDPYEAR-25-B0.3,1875,2025-01-20T17:10:35.574356Z,5,95,yes
388,f46bb7e0-c4f2-4516-8200-ad55d28dc634,KXGDPYEAR-25-B0.3,50,2025-01-17T00:19:50.42111Z,4,96,yes
389,f154a179-ba05-4c32-a5ba-38ec3de75752,KXGDPYEAR-25-B0.3,2031,2025-01-17T00:19:50.42111Z,4,96,yes
390,ae403075-e298-4236-83e2-10284592fbe9,KXGDPYEAR-25-B0.3,758,2025-01-17T00:19:50.42111Z,6,94,yes
391,732e21c4-1113-4899-abdb-509002f80e56,KXGDPYEAR-25-B0.3,4,2025-01-17T00:19:50.42111Z,4,96,yes
392,18eac564-7c28-477d-b5eb-61bb6eaedcfa,KXGDPYEAR-25-B0.3,409,2025-01-17T00:19:50.42111Z,4,96,yes
393,0d6a9d24-e333-4be0-8d82-e264ca3614dc,KXGDPYEAR-25-B0.3,18,2025-01-01T23:13:55.139529Z,5,95,yes
394,2ba0f4ce-fde0-4520-88ed-94675ee3281a,KXGDPYEAR-25-B0.3,23,2024-12-28T01:18:09.570338Z,8,92,yes
395,e138ba50-a37e-4786-ada2-77319d993368,KXGDPYEAR-25-B0.3,58,2024-12-28T01:03:52.832178Z,8,92,yes
396,72e5d2bb-d715-4aef-9192-1a499a65c33c,KXGDPYEAR-25-B0.3,3,2024-12-21T19:59:36.425105Z,2,98,no
397,1cade79f-bfb9-4354-9e38-be03a733cb15,KXGDPYEAR-25-B0.3,10,2024-12-20T02:32:56.82675Z,1,99,no
398,fc5853ee-4ab0-4a3b-9f6e-223d4b69977b,KXGDPYEAR-25-B0.8,4822,2025-07-17T12:35:27.964219Z,14,86,no
399,26bfc174-658b-4628-9759-52865bb97c72,KXGDPYEAR-25-B0.8,9,2025-07-17T02:26:08.679027Z,14,86,yes
400,6e40bc98-8461-4888-b1d7-faacf09ff6c8,KXGDPYEAR-25-B0.8,519,2025-07-16T20:33:07.689863Z,15,85,yes
401,2266dcc4-422e-46e3-b935-6b841bc80361,KXGDPYEAR-25-B0.8,141,2025-07-16T19:40:33.869902Z,15,85,yes
402,8f71b942-fb84-47bf-9983-c818478c3032,KXGDPYEAR-25-B0.8,1072,2025-06-28T19:52:51.73325Z,14,86,no
403,da8e9b87-9956-4c33-8ac0-ac1d2f94316a,KXGDPYEAR-25-B0.8,1030,2025-06-28T19:52:41.836666Z,14,86,no
404,01cc94a3-3354-4b5e-8433-328e59be9c56,KXGDPYEAR-25-B0.8,18,2025-06-19T18:04:34.07779Z,15,85,yes
405,356ba3ba-59db-4eab-b80a-52561191ea84,KXGDPYEAR-25-B0.8,2,2025-05-30T01:57:49.051069Z,15,85,yes
406,41e9fac4-6742-4ced-8a24-2a71c4780aec,KXGDPYEAR-25-B0.8,1,2025-05-26T04:42:26.932824Z,17,83,yes
407,c6e4b96c-b865-4612-af07-a51bcf93953c,KXGDPYEAR-25-B0.8,31,2025-05-20T21:52:19.076679Z,13,87,no
408,15fccb9a-c827-4d24-96c5-3b42ddf18bae,KXGDPYEAR-25-B0.8,79,2025-05-13T18:52:50.345873Z,12,88,no
409,095e0478-e1d7-42ec-a81c-c0b81d9e3524,KXGDPYEAR-25-B0.8,35,2025-05-13T18:52:50.345873Z,13,87,no
410,8f898222-a7f8-4176-a7e7-87c8023265f7,KXGDPYEAR-25-B0.8,26,2025-05-13T18:52:12.538622Z,21,79,yes
411,8c9ee548-e7dc-4670-9d57-062b91900708,KXGDPYEAR-25-B0.8,86,2025-05-13T18:52:12.538622Z,15,85,yes
412,288385e9-12cb-4e7b-9868-c8e35c4eec87,KXGDPYEAR-25-B0.8,2,2025-05-13T18:52:12.538622Z,20,80,yes
413,3d419de7-9d73-4e40-816a-6217421ec7bb,KXGDPYEAR-25-B0.8,8,2025-04-30T23:35:12.777104Z,15,85,yes
414,ece5f2df-0c7f-422c-9d25-cd59839e8c4d,KXGDPYEAR-25-B0.8,6,2025-04-20T21:11:56.308233Z,15,85,yes
415,41aba3f8-5f29-4d66-87db-d7859c48fa84,KXGDPYEAR-25-B0.8,274,2025-04-18T19:00:20.387327Z,11,89,no
416,fdfef5c9-7873-4c11-9f1b-d00a9c9239f8,KXGDPYEAR-25-B0.8,725,2025-04-17T00:44:16.708836Z,11,89,no
417,ad25767f-5b47-481f-b5df-56b1440ea0a4,KXGDPYEAR-25-B0.8,2952,2025-04-17T00:44:16.708836Z,12,88,no
418,286ed797-1eda-4c0a-a56b-92b8c6133366,KXGDPYEAR-25-B0.8,15,2025-04-15T23:27:23.146782Z,13,87,no
419,185995ab-89e1-493d-bd8f-df54ef30613b,KXGDPYEAR-25-B0.8,48,2025-04-15T23:27:23.146782Z,12,88,no
420,c70fb9ac-5298-42aa-85b0-912f9477a7bd,KXGDPYEAR-25-B0.8,13,2025-04-11T04:10:17.435192Z,14,86,yes
421,ad9cf361-329e-49fa-beaf-fbe107e1606d,KXGDPYEAR-25-B0.8,13,2025-04-11T04:10:07.728942Z,14,86,yes
422,84c7fd43-86df-4200-9280-e8e66b097cc0,KXGDPYEAR-25-B0.8,5,2025-04-09T19:44:14.476543Z,16,84,yes
423,786ab046-e445-488a-a778-e98ed5ebfec1,KXGDPYEAR-25-B0.8,5,2025-04-09T19:43:56.000311Z,16,84,yes
424,b5b1390b-5659-47f4-b4f3-d2064ea47f7b,KXGDPYEAR-25-B0.8,1250,2025-04-09T03:20:23.142139Z,14,86,yes
425,8ae5fd3b-a255-4380-bc58-c2882283c5af,KXGDPYEAR-25-B0.8,1171,2025-04-09T03:20:23.142139Z,14,86,yes
426,7ff4e307-a30f-40d1-aae5-be526fb89732,KXGDPYEAR-25-B0.8,10,2025-04-09T03:20:23.142139Z,14,86,yes
427,73348ad9-caf5-47bb-a166-8145e60cb7ef,KXGDPYEAR-25-B0.8,1246,2025-04-09T03:20:23.142139Z,16,84,yes
428,38d920ba-d515-4f24-a844-10cac4c8718a,KXGDPYEAR-25-B0.8,5,2025-04-07T03:27:13.824142Z,14,86,yes
429,05df8460-cbba-4a6f-b2c6-990259a3c87a,KXGDPYEAR-25-B0.8,25,2025-04-07T00:10:41.261957Z,12,88,no
430,4f4f4620-5319-4986-996e-7a4f79260413,KXGDPYEAR-25-B0.8,29,2025-04-03T19:59:42.429134Z,16,84,yes
431,8b27826d-3437-402e-9b2f-7297303e08af,KXGDPYEAR-25-B0.8,13,2025-03-28T02:39:04.902405Z,14,86,yes
432,6615e19c-720b-42df-b0dd-26d4324d9657,KXGDPYEAR-25-B0.8,148,2025-03-22T12:25:33.691366Z,11,89,no
433,6059a914-87e2-40b4-9f42-49b17664c392,KXGDPYEAR-25-B0.8,2,2025-03-20T21:37:15.454019Z,14,86,yes
434,3cf06003-52af-4b57-8249-5d85f212edd8,KXGDPYEAR-25-B0.8,20,2025-03-15T00:10:57.282351Z,14,86,yes
435,268e4bf4-9adf-488c-b788-0d8bb4ebb460,KXGDPYEAR-25-B0.8,31,2025-03-14T00:37:59.867482Z,14,86,yes
436,71e7d595-92b2-4c21-89dc-f3379fe93631,KXGDPYEAR-25-B0.8,1,2025-03-06T17:28:05.934891Z,13,87,yes
437,313c55f7-9603-42ee-9d1e-51b2e2483635,KXGDPYEAR-25-B0.8,1,2025-03-06T17:27:50.657589Z,13,87,yes
438,e855c751-fc45-4788-b0a0-7bb3a5ebe131,KXGDPYEAR-25-B0.8,50,2025-03-05T20:31:16.763306Z,13,87,no
439,71715acb-5932-447c-9264-aaf67009f631,KXGDPYEAR-25-B0.8,250,2025-03-05T15:33:10.488877Z,13,87,yes
440,e41f5abc-b551-4ce3-8a9d-58714c718dd6,KXGDPYEAR-25-B0.8,2000,2025-03-04T06:34:22.254401Z,12,88,yes
441,d9c149c2-ce78-4311-a425-301d7d955e5e,KXGDPYEAR-25-B0.8,27,2025-03-04T06:34:22.254401Z,12,88,yes
442,d77cbd00-c81c-4a76-a9b9-5e2029891149,KXGDPYEAR-25-B0.8,2,2025-02-28T21:57:23.666548Z,13,87,yes
443,9b32a558-14e6-4d31-89cb-e31eb5ba6977,KXGDPYEAR-25-B0.8,100,2025-02-28T21:57:23.666548Z,13,87,yes
444,1fb79133-54eb-4dbc-931f-d12a02cc6654,KXGDPYEAR-25-B0.8,201,2025-02-28T21:57:23.666548Z,13,87,yes
445,42fe067b-2979-4c74-9cd5-f1a1b2f02402,KXGDPYEAR-25-B0.8,1000,2025-02-28T16:07:23.784324Z,10,90,yes
446,ff0208bc-5fbf-418b-b9e3-ab2c0417469c,KXGDPYEAR-25-B0.8,64,2025-02-28T15:56:47.8729Z,7,93,yes
447,34cd381a-a255-4143-b7a2-dd9af6f494a1,KXGDPYEAR-25-B0.8,275,2025-02-28T15:56:47.8729Z,7,93,yes
448,2bc985b8-cae5-4744-9a83-2f9314e56890,KXGDPYEAR-25-B0.8,100,2025-02-28T15:56:47.8729Z,6,94,yes
449,2a003719-9f04-4c92-bc54-0764578f60c7,KXGDPYEAR-25-B0.8,12,2025-02-28T15:56:47.8729Z,7,93,yes
450,de47cc71-a34f-4960-b8b4-f30477f602aa,KXGDPYEAR-25-B0.8,50,2025-02-22T17:41:59.942064Z,6,94,yes
451,d77f58fd-ecd3-49c3-a5f1-f08aa29f4781,KXGDPYEAR-25-B0.8,48,2025-02-22T17:41:59.942064Z,7,93,yes
452,a64eaf52-c6d2-47dd-ae0b-9ec77d88b0f0,KXGDPYEAR-25-B0.8,50,2025-02-22T17:41:59.942064Z,6,94,yes
453,06e8864d-01a5-40df-92d0-6228792d8105,KXGDPYEAR-25-B0.8,23,2025-02-16T00:10:30.343392Z,6,94,yes
454,8e1ce316-d1a1-4c33-ad21-af79a8292af6,KXGDPYEAR-25-B0.8,50,2025-02-03T04:47:01.185992Z,6,94,yes
455,d8afb63b-30c4-49df-b510-5fc6038eff69,KXGDPYEAR-25-B0.8,50,2025-02-02T05:54:59.581652Z,5,95,yes
456,ea0dd523-3629-4dce-bc6f-454d5c8191ec,KXGDPYEAR-25-B0.8,5,2024-12-28T22:11:15.744344Z,12,88,yes
457,19d63e82-6c41-4c60-9652-b779bf38962f,KXGDPYEAR-25-B0.8,2,2024-12-28T22:11:15.744344Z,13,87,yes
458,813cecc1-4939-4db5-b5b5-2bbf3b05b82d,KXGDPYEAR-25-B0.8,9,2024-12-28T01:18:20.097318Z,13,87,yes
459,2b2021bd-bf60-4556-9a1d-4b769405b640,KXGDPYEAR-25-B0.8,5,2024-12-28T01:18:20.097318Z,12,88,yes
460,55169d22-2fd9-43b7-9c18-644afbb87a33,KXGDPYEAR-25-B0.8,21,2024-12-28T01:05:20.896923Z,13,87,yes
461,c6193a62-7d45-4478-94dd-635f32ee90ef,KXGDPYEAR-25-B0.8,21,2024-12-28T01:04:50.977881Z,13,87,yes
462,de7802f8-6457-4684-a53f-4a671dc7509f,KXGDPYEAR-25-B0.8,3,2024-12-21T19:59:35.723164Z,10,90,no
463,618098a9-3902-4d1b-98d5-7edfd71f504c,KXGDPYEAR-25-B1.3,7,2025-07-21T12:40:09.121742Z,20,80,no
464,2cd2562f-0519-489e-b1f9-e9f8de325d8e,KXGDPYEAR-25-B1.3,518,2025-07-21T12:40:09.121742Z,19,81,no
465,ecfc359a-b718-4014-92eb-29e7043c468b,KXGDPYEAR-25-B1.3,10,2025-07-21T04:55:44.19268Z,22,78,yes
466,67a9c120-5a44-4f1a-8f09-4478817ad5f2,KXGDPYEAR-25-B1.3,1,2025-07-20T16:59:58.977035Z,22,78,yes
467,6633c45d-0440-4f8f-98b8-44e6401fb636,KXGDPYEAR-25-B1.3,42,2025-07-20T16:59:58.977035Z,22,78,yes
468,1683046a-f867-4178-8926-99ec33e39569,KXGDPYEAR-25-B1.3,22,2025-07-18T20:01:54.052093Z,21,79,yes
469,c885cd14-66f0-4935-9ddb-4dfe89ef260e,KXGDPYEAR-25-B1.3,626,2025-07-17T12:36:27.878967Z,20,80,yes
470,3540ab0a-3bf2-4a71-b286-48472cbad9dd,KXGDPYEAR-25-B1.3,3616,2025-07-17T02:26:02.378529Z,19,81,yes
471,a96e9db4-b9c8-47ab-9e70-89993cce1c68,KXGDPYEAR-25-B1.3,300,2025-07-16T19:39:01.251162Z,18,82,yes
472,526df02d-0440-4903-9a93-d7d291a8db42,KXGDPYEAR-25-B1.3,1,2025-07-16T19:39:01.251162Z,18,82,yes
473,cb3ac641-db5d-4ed4-9cff-30d5fc323b72,KXGDPYEAR-25-B1.3,1728,2025-07-11T17:14:39.05052Z,18,82,yes
474,34b76307-6c1f-45db-91a4-256fda5b60fb,KXGDPYEAR-25-B1.3,525,2025-07-11T00:23:17.696352Z,18,82,yes
475,30b3c8ab-ae71-4fe8-ae33-7c076e7dd703,KXGDPYEAR-25-B1.3,9,2025-07-03T17:38:24.259372Z,19,81,yes
476,6ce08920-a09f-4d7d-8c91-fe3d88f02842,KXGDPYEAR-25-B1.3,10,2025-07-01T15:11:13.431894Z,18,82,yes
477,e51132f1-1832-4f08-b939-82361d169aee,KXGDPYEAR-25-B1.3,86,2025-06-27T17:19:28.141453Z,15,85,yes
478,a37b9d85-29cb-43cc-8e07-393279caecb3,KXGDPYEAR-25-B1.3,113,2025-06-27T17:19:28.141453Z,19,81,yes
479,70df5357-7930-4f67-8fc3-a08426f24569,KXGDPYEAR-25-B1.3,54,2025-06-27T17:19:28.141453Z,17,83,yes
480,5a939b66-a0eb-42e1-b027-3200da28579e,KXGDPYEAR-25-B1.3,20,2025-06-27T17:19:28.141453Z,18,82,yes
481,2d3b8016-4c1c-4b14-9b9c-e6228c3851d9,KXGDPYEAR-25-B1.3,4,2025-06-18T17:14:01.483149Z,15,85,no
482,97d7d5d2-69a4-43a9-b174-6cf60796a57d,KXGDPYEAR-25-B1.3,5,2025-06-04T15:37:43.364691Z,16,84,yes
483,ddc6b001-7851-4219-ab77-a52d977a41e1,KXGDPYEAR-25-B1.3,11,2025-06-04T15:37:05.211219Z,16,84,yes
484,b345c877-01a9-4a48-80b4-628538a969e9,KXGDPYEAR-25-B1.3,53,2025-06-02T16:26:35.037459Z,16,84,yes
485,34687d3a-7d40-49e4-937f-14d2e8f1fe5a,KXGDPYEAR-25-B1.3,2,2025-06-02T16:26:35.037459Z,16,84,yes
486,19a9249b-393e-4be2-b5b1-0da186144bc3,KXGDPYEAR-25-B1.3,89,2025-05-30T15:43:33.348373Z,13,87,no
487,e69b4094-e526-4c8b-855b-edca18eb1e7f,KXGDPYEAR-25-B1.3,250,2025-05-30T15:31:00.502785Z,13,87,no
488,765ae4da-b513-42c8-b034-e0d6989e3e93,KXGDPYEAR-25-B1.3,1,2025-05-26T04:42:43.98828Z,15,85,yes
489,bad888da-226f-46dc-9334-eabd370d327e,KXGDPYEAR-25-B1.3,58,2025-05-25T16:08:18.635081Z,16,84,yes
490,1be50837-c761-4afc-a69b-c7a7a0510fad,KXGDPYEAR-25-B1.3,125,2025-05-25T16:07:21.284396Z,15,85,yes
491,bae4e293-28a0-4fae-b0ae-9d33334f6120,KXGDPYEAR-25-B1.3,62,2025-05-24T22:12:25.657261Z,15,85,yes
492,cbc0a363-421c-4d0e-adc0-7126181c540d,KXGDPYEAR-25-B1.3,3,2025-05-18T03:20:20.696847Z,15,85,yes
493,53c894ca-3e31-4e42-94d0-2814a42c5836,KXGDPYEAR-25-B1.3,1,2025-05-18T02:43:26.802442Z,15,85,yes
494,284842d8-ab81-4d73-a330-c01372820222,KXGDPYEAR-25-B1.3,20,2025-05-16T17:21:32.391055Z,15,85,yes
495,d5395ea2-4561-41c8-9ec0-10c936138cf0,KXGDPYEAR-25-B1.3,90,2025-05-15T12:46:43.262184Z,16,84,yes
496,eeee9891-25b2-426a-8c81-8d3bc52c7c6e,KXGDPYEAR-25-B1.3,6,2025-05-15T12:32:09.844792Z,15,85,yes
497,e86c885b-f211-45a1-be5a-528449257269,KXGDPYEAR-25-B1.3,284,2025-05-15T12:32:09.844792Z,15,85,yes
498,1d89bb97-8641-42bd-a3c3-ea7351c15536,KXGDPYEAR-25-B1.3,3,2025-05-15T12:32:09.844792Z,15,85,yes
499,5b1e3036-59ac-42c5-ab1c-032a0f8d2dd9,KXGDPYEAR-25-B1.3,30,2025-05-14T19:12:06.520032Z,13,87,no
500,499f55a0-ee69-4b16-89a0-e3a8af70f7a1,KXGDPYEAR-25-B1.3,4,2025-05-14T02:22:12.459873Z,16,84,yes
501,13df3cb8-f7ce-498f-933f-abcccef37b4a,KXGDPYEAR-25-B1.3,146,2025-05-14T02:22:12.459873Z,16,84,yes
502,52c88394-9ffb-4d4c-93f1-74463204740b,KXGDPYEAR-25-B1.3,50,2025-05-14T00:57:32.30885Z,17,83,yes
503,e5f8ff29-2f7e-4b6c-8b6a-0f21ca852782,KXGDPYEAR-25-B1.3,41,2025-05-13T19:30:44.778008Z,18,82,yes
504,7770eae6-68cc-4c2d-876f-82da89dff158,KXGDPYEAR-25-B1.3,8,2025-05-13T19:30:44.778008Z,19,81,yes
505,6fb8c41e-7b4e-4428-b3f2-393596c6fd78,KXGDPYEAR-25-B1.3,1,2025-05-13T19:30:44.778008Z,17,83,yes
506,e8b21f93-6afb-41b7-b39f-4555c18e073c,KXGDPYEAR-25-B1.3,89,2025-05-02T16:28:51.65172Z,15,85,yes
507,34701c88-ccf8-43d5-aa4b-032b1ad8ae42,KXGDPYEAR-25-B1.3,59,2025-05-01T15:19:49.84668Z,16,84,yes
508,840de5b0-5ac5-4e18-83ec-53a0300f1243,KXGDPYEAR-25-B1.3,60,2025-04-30T23:36:28.18833Z,16,84,yes
509,83898bef-dde7-4c9b-a847-9de49b3f2922,KXGDPYEAR-25-B1.3,90,2025-04-29T12:33:29.787369Z,13,87,yes
510,0134b0a3-1071-4996-b110-7de25884fc18,KXGDPYEAR-25-B1.3,7,2025-04-20T21:12:05.93167Z,13,87,yes
511,d7e7a967-f68e-4a2a-b2fa-e7504641b6b1,KXGDPYEAR-25-B1.3,1000,2025-04-18T18:58:35.757117Z,12,88,no
512,4f7cfb49-69ae-432d-9b63-805df4ad2b61,KXGDPYEAR-25-B1.3,42,2025-04-15T23:27:40.790526Z,12,88,no
513,072653a3-e23d-47a9-abf9-c6624ecb7d02,KXGDPYEAR-25-B1.3,3,2025-04-12T20:24:30.798501Z,13,87,yes
514,864f6ce1-78be-4285-b9cd-86c90490458a,KXGDPYEAR-25-B1.3,1000,2025-04-11T16:52:29.996466Z,13,87,yes
515,9bcce0b0-1380-47b2-b0c2-947bfc021abc,KXGDPYEAR-25-B1.3,6,2025-04-09T19:43:37.062972Z,14,86,yes
516,ac475092-3203-40b1-80c3-21f05e827e0e,KXGDPYEAR-25-B1.3,250,2025-04-09T17:32:14.461239Z,13,87,yes
517,9021f73d-4546-48c7-ac42-53d2fb2a4698,KXGDPYEAR-25-B1.3,482,2025-04-09T17:32:14.461239Z,13,87,yes
518,fdf4c906-2f7f-49a2-81fc-ae2f5845b4f9,KXGDPYEAR-25-B1.3,129,2025-04-09T03:20:26.272843Z,12,88,no
519,83fd4754-56c7-48fb-8d53-b1ff92e0217a,KXGDPYEAR-25-B1.3,71,2025-04-08T17:51:02.275403Z,13,87,yes
520,f22e7258-2de1-4cc0-8bb7-c2c054115c27,KXGDPYEAR-25-B1.3,460,2025-04-05T17:35:53.931979Z,12,88,no
521,64f9353d-c2dd-494b-9c0c-b58eb7f42861,KXGDPYEAR-25-B1.3,629,2025-04-05T17:35:53.931979Z,12,88,no
522,84b08735-8737-49af-8d91-fbb0d3a5bed4,KXGDPYEAR-25-B1.3,436,2025-04-04T15:03:56.379312Z,12,88,no
523,1a478a37-cdd2-47c8-bf5e-b343bb4d18a2,KXGDPYEAR-25-B1.3,1,2025-03-30T04:24:31.183716Z,16,84,yes
524,6ae68099-494d-4d32-b408-c3086b3fb771,KXGDPYEAR-25-B1.3,11,2025-03-28T02:39:46.469291Z,16,84,yes
525,5ee6732d-f85e-41dd-a2b7-90775d22bada,KXGDPYEAR-25-B1.3,104,2025-03-22T12:25:27.60753Z,12,88,no
526,7fd04201-b9f2-4bf7-b7fd-bc785448d0b7,KXGDPYEAR-25-B1.3,4,2025-03-21T03:17:17.129741Z,15,85,yes
527,d98045d6-bd60-4aa4-bc3a-69cbccb2266f,KXGDPYEAR-25-B1.3,100,2025-03-19T21:24:38.524403Z,14,86,yes
528,8a0d646d-c1c9-4c55-acec-6039945d2268,KXGDPYEAR-25-B1.3,21,2025-03-19T21:24:38.524403Z,15,85,yes
529,8705b129-bc2b-434b-a528-fc1dc6666883,KXGDPYEAR-25-B1.3,315,2025-03-19T21:24:38.524403Z,17,83,yes
530,1ea2af85-5e18-4cf4-bdf8-a31d5a7d650e,KXGDPYEAR-25-B1.3,12,2025-03-15T00:11:37.08339Z,15,85,yes
531,68db0c98-ea8f-4871-afe8-ca06be842664,KXGDPYEAR-25-B1.3,6,2025-03-15T00:10:46.90971Z,15,85,yes
532,28d9e460-3318-49c1-a588-e96ea6f15ad1,KXGDPYEAR-25-B1.3,100,2025-03-07T17:06:58.476898Z,15,85,yes
533,edbec893-6176-4dcd-b5cf-7fe3d2b9e4d6,KXGDPYEAR-25-B1.3,3,2025-03-05T20:31:17.275378Z,15,85,no
534,63f1d0a8-5e1b-4275-bcdb-97be349c6315,KXGDPYEAR-25-B1.3,900,2025-03-05T20:31:17.275378Z,15,85,no
535,1ac94944-d6d0-4853-b1db-5efb84abc6ac,KXGDPYEAR-25-B1.3,100,2025-03-05T15:33:41.838658Z,15,85,yes
536,ef7bd663-dc9c-40e8-a0f2-89a17d749e2b,KXGDPYEAR-25-B1.3,300,2025-02-28T22:03:07.279761Z,16,84,yes
537,a052e26e-2560-40cf-8172-cf355aff66ab,KXGDPYEAR-25-B1.3,89,2025-02-28T05:56:46.326575Z,10,90,yes
538,630d4d54-f796-445c-8f5f-0a810c3d79f6,KXGDPYEAR-25-B1.3,501,2025-02-28T05:56:46.326575Z,10,90,yes
539,36f742e6-ec88-4a0c-a2a9-2ec80bb888dc,KXGDPYEAR-25-B1.3,499,2025-02-28T05:56:46.326575Z,10,90,yes
540,d15b67ad-dc26-466f-8e1a-58fc6773ce39,KXGDPYEAR-25-B1.3,1,2025-02-28T04:50:26.526556Z,9,91,yes
541,f662cac3-d98c-4bd0-96c9-eda08fc5b0ce,KXGDPYEAR-25-B1.3,13,2025-02-25T17:57:19.217013Z,9,91,yes
542,a29737b6-c018-4198-841d-068bd6302ca7,KXGDPYEAR-25-B1.3,21,2025-02-25T16:50:11.237175Z,9,91,yes
543,492a02d1-a802-4dc9-9609-fa84348bb4e8,KXGDPYEAR-25-B1.3,10,2025-02-25T16:50:11.237175Z,9,91,yes
544,c512da12-d927-490f-86d7-c243921e8212,KXGDPYEAR-25-B1.3,75,2025-02-22T17:42:09.59734Z,9,91,yes
545,61ab759e-36db-49e4-ad7e-0ecfcab98289,KXGDPYEAR-25-B1.3,29,2025-02-22T17:42:09.59734Z,9,91,yes
546,3763a1e8-14de-4747-bbef-6a541f728ca0,KXGDPYEAR-25-B1.3,25,2025-02-22T00:56:00.969262Z,9,91,yes
547,720e74d7-4cce-4f57-8f05-cbbc8ff5cbf1,KXGDPYEAR-25-B1.3,78,2025-02-03T21:05:46.193286Z,7,93,no
548,2323f4b2-9dfc-4950-93e4-97a37ed0d27c,KXGDPYEAR-25-B1.3,28,2025-02-03T00:11:00.545751Z,9,91,yes
549,7b8d66d5-406e-4c81-a14f-261943443cc3,KXGDPYEAR-25-B1.3,50,2025-02-02T23:42:29.924419Z,9,91,yes
550,2e18c32b-9f48-4baa-8d1d-f789a2ce19cb,KXGDPYEAR-25-B1.3,31,2025-01-18T21:57:39.359759Z,9,91,yes
551,b08c2381-2090-488d-ae6a-8084223f3ff8,KXGDPYEAR-25-B1.3,167,2025-01-10T21:15:06.241184Z,8,92,yes
552,9cd8f936-5c1d-4ab9-835c-0a9d3e703f36,KXGDPYEAR-25-B1.3,833,2025-01-10T21:15:06.241184Z,8,92,yes
553,69c8c5e6-00f6-41ab-af1b-75a5d620f070,KXGDPYEAR-25-B1.3,50,2025-01-10T21:15:06.241184Z,8,92,yes
554,6268fd9b-7c86-47e4-a623-de4430343bf0,KXGDPYEAR-25-B1.3,950,2025-01-10T21:15:06.241184Z,8,92,yes
555,cb2054de-467a-4792-8e84-588d8dcd3686,KXGDPYEAR-25-B1.3,1,2025-01-05T20:27:42.074472Z,6,94,no
556,04fdbdde-2c72-4067-87bc-ec865bac4564,KXGDPYEAR-25-B1.3,9,2025-01-05T20:27:42.074472Z,6,94,no
557,da7ebe8e-274c-422c-b846-65de21a42b16,KXGDPYEAR-25-B1.3,1500,2025-01-01T19:47:26.418159Z,8,92,yes
558,9753d33d-5cfe-47d2-8096-8eea91b39403,KXGDPYEAR-25-B1.3,6,2024-12-30T00:08:56.065969Z,15,85,yes
559,212e03d8-494d-4bdc-ad59-e73cccb35ee6,KXGDPYEAR-25-B1.3,18,2024-12-30T00:08:40.195381Z,15,85,yes
560,c0a032e1-bd22-4f14-83ce-08dfcdf4d2d9,KXGDPYEAR-25-B1.3,6,2024-12-28T22:12:13.271046Z,15,85,yes
561,2c1b2b5c-0c10-4428-befa-1bc2813cb2a6,KXGDPYEAR-25-B1.3,12,2024-12-28T22:11:41.442024Z,15,85,yes
562,7b7ab7e0-d3a9-47b7-a192-bf10725e4923,KXGDPYEAR-25-B1.3,3,2024-12-21T19:59:35.170404Z,10,90,no
563,ae4ea1a2-cda4-4331-b74f-75dfcb732fc0,KXGDPYEAR-25-B1.8,5,2025-07-21T14:36:49.906701Z,25,75,yes
564,969abea0-2ca3-400b-b4ce-f54873268985,KXGDPYEAR-25-B1.8,10,2025-07-21T04:56:02.984055Z,25,75,yes
565,86b7a624-0d40-49a9-b291-6d11d36053ce,KXGDPYEAR-25-B1.8,5,2025-07-21T01:43:01.903558Z,21,79,no
566,8cab5c4a-e53b-48b0-87b7-9e6bed8dd4f5,KXGDPYEAR-25-B1.8,6,2025-07-19T18:25:48.718329Z,25,75,yes
567,381aa499-7194-4384-a654-6157c2d14c70,KXGDPYEAR-25-B1.8,1,2025-07-19T18:25:48.718329Z,23,77,yes
568,724f1a88-958e-473f-9480-11eabcc25fc7,KXGDPYEAR-25-B1.8,12,2025-07-18T20:02:38.541354Z,22,78,yes
569,b8e9a77f-ef20-4cd9-b25c-b8f5cda8380d,KXGDPYEAR-25-B1.8,8,2025-07-18T00:57:18.965415Z,22,78,yes
570,3c672651-e83a-48a2-8550-e7bee9f53cb4,KXGDPYEAR-25-B1.8,1425,2025-07-17T12:36:22.384055Z,21,79,yes
571,0919f02f-a1a1-4f36-b0f8-695162330d4d,KXGDPYEAR-25-B1.8,20,2025-07-17T12:36:22.384055Z,21,79,yes
572,2dcdcdb5-da06-40f9-a292-c871b1af2859,KXGDPYEAR-25-B1.8,225,2025-07-16T20:09:16.896146Z,21,79,yes
573,903f29b7-a73b-4f48-9d7d-35a3ef0d56ff,KXGDPYEAR-25-B1.8,79,2025-07-16T19:39:09.966575Z,18,82,yes
574,92cf6092-3e47-4386-92bb-a604b8065990,KXGDPYEAR-25-B1.8,5,2025-07-11T21:38:46.51223Z,18,82,yes
575,e9233678-076b-4fd1-a383-1a32ce6a1497,KXGDPYEAR-25-B1.8,104,2025-07-10T00:50:47.320857Z,17,83,yes
576,4a5d65bb-4b5b-4ef7-a716-5d81a65147ff,KXGDPYEAR-25-B1.8,6,2025-07-10T00:50:47.320857Z,18,82,yes
577,ea402b72-cbaf-4fd8-a0f4-25d7a5058d25,KXGDPYEAR-25-B1.8,20,2025-06-28T19:54:03.081483Z,17,83,yes
578,621a8c23-e12e-4202-9527-474846686c07,KXGDPYEAR-25-B1.8,2454,2025-06-28T19:54:03.081483Z,17,83,yes
579,fa52675e-9bae-4eba-8144-8b66f34ba85b,KXGDPYEAR-25-B1.8,2884,2025-06-28T19:39:59.253252Z,16,84,yes
580,200e8aff-e2e9-48d4-96da-f49320dddbc2,KXGDPYEAR-25-B1.8,20,2025-06-28T19:39:59.253252Z,16,84,yes
581,54e554b3-e11c-479a-aabe-4447db23d28c,KXGDPYEAR-25-B1.8,295,2025-06-27T17:19:33.979544Z,16,84,yes
582,c9020b4f-8aba-42af-b589-d93416bf4eeb,KXGDPYEAR-25-B1.8,694,2025-06-26T12:59:28.571802Z,12,88,no
583,77887dd0-eea9-4987-85b3-81be84797679,KXGDPYEAR-25-B1.8,10,2025-06-26T12:59:28.571802Z,13,87,no
584,8a894ec2-c265-4d4e-bdaa-d413ad4f56b3,KXGDPYEAR-25-B1.8,377,2025-06-25T23:15:27.28378Z,15,85,yes
585,59d63327-03a0-4b30-8c06-0f97b49d9a8c,KXGDPYEAR-25-B1.8,10,2025-06-24T17:17:35.714926Z,12,88,no
586,16239b8a-4a1b-453f-8c00-29907997dc6d,KXGDPYEAR-25-B1.8,8,2025-06-24T17:17:35.714926Z,13,87,no
587,4f1cef61-2e7e-46a2-8706-06c88c63a471,KXGDPYEAR-25-B1.8,10,2025-06-19T18:04:17.468319Z,18,82,yes
588,a9dbb489-af2d-436f-9811-7211ab3a578a,KXGDPYEAR-25-B1.8,277,2025-06-17T20:54:43.880426Z,12,88,no
589,508e16b9-05f2-40c1-b409-4b453658f12b,KXGDPYEAR-25-B1.8,20,2025-06-11T21:19:32.312049Z,12,88,no
590,06f15348-ff7a-4dee-893d-db239ea87771,KXGDPYEAR-25-B1.8,8,2025-06-11T21:19:32.312049Z,13,87,no
591,da547e63-18bf-4083-8613-98f9aa3ce00a,KXGDPYEAR-25-B1.8,218,2025-06-01T15:47:37.070411Z,16,84,no
592,04362462-85e1-4419-989d-51cb069ac181,KXGDPYEAR-25-B1.8,4,2025-06-01T15:47:37.070411Z,16,84,no
593,7e978e8d-48da-4553-850c-f23485b6714e,KXGDPYEAR-25-B1.8,2,2025-05-30T23:43:19.851249Z,16,84,no
594,12d8e529-e092-48ed-843b-9c8fa3dada92,KXGDPYEAR-25-B1.8,105,2025-05-30T18:51:43.252619Z,18,82,yes
595,3ab83a5e-974b-4ba8-8cdf-c1ae216ee17b,KXGDPYEAR-25-B1.8,10,2025-05-29T13:08:44.76504Z,18,82,yes
596,27fef476-91a4-44fb-92b1-b49d0e72fd46,KXGDPYEAR-25-B1.8,146,2025-05-28T16:48:19.252237Z,20,80,no
597,6bd80ccc-92c8-484e-aa17-56b516f69dc1,KXGDPYEAR-25-B1.8,4,2025-05-27T15:34:14.024143Z,20,80,yes
598,b57c7ebb-e5c4-4a02-90ea-6e570cf30482,KXGDPYEAR-25-B1.8,157,2025-05-25T16:07:36.748807Z,18,82,yes
599,074a48db-534d-4ea7-a86b-785225326e7d,KXGDPYEAR-25-B1.8,15,2025-05-24T23:39:10.926735Z,18,82,yes
600,54e5af00-cf35-46f5-9b2a-b644c68dd56a,KXGDPYEAR-25-B1.8,50,2025-05-20T15:21:28.409176Z,18,82,yes
601,a70fe4cf-ede7-4d0c-a80a-2671babc16da,KXGDPYEAR-25-B1.8,200,2025-05-20T15:19:32.418784Z,18,82,yes
602,e3b492f5-f7c6-44dc-bb6f-0738a03df2cf,KXGDPYEAR-25-B1.8,4,2025-05-20T15:18:43.481677Z,18,82,yes
603,4368afdd-78f2-4b5b-a772-eea516acc6d6,KXGDPYEAR-25-B1.8,396,2025-05-20T15:18:43.481677Z,18,82,yes
604,9e29d2d2-a4c9-4919-970d-bcfaadfc5733,KXGDPYEAR-25-B1.8,180,2025-05-20T15:17:11.090052Z,17,83,yes
605,d1a7bd14-4310-441e-8292-17ab7a093d6f,KXGDPYEAR-25-B1.8,33,2025-05-20T12:10:24.253951Z,16,84,no
606,560dded8-aa04-4fdd-90af-b401d3f1a315,KXGDPYEAR-25-B1.8,5,2025-05-19T22:52:23.928115Z,17,83,yes
607,d211411d-2380-4442-9e57-f9d4a9c80c89,KXGDPYEAR-25-B1.8,27,2025-05-18T15:45:30.591611Z,17,83,yes
608,8278d81b-e150-4753-8c05-dcd5221dc25d,KXGDPYEAR-25-B1.8,15,2025-05-18T06:34:17.429828Z,17,83,yes
609,31b6e9c5-a5e2-4cfd-91e1-b3154002aff4,KXGDPYEAR-25-B1.8,277,2025-05-17T21:27:09.489212Z,17,83,yes
610,978d5848-cdc1-4032-a1fc-e55262feb35d,KXGDPYEAR-25-B1.8,27,2025-05-16T13:56:17.13613Z,17,83,yes
611,698bb61d-9ff8-4af4-aa1e-18d6da95b2e6,KXGDPYEAR-25-B1.8,283,2025-05-16T02:05:39.628251Z,17,83,yes
612,c0d03891-0300-4e63-a77c-3187a28358c9,KXGDPYEAR-25-B1.8,8,2025-05-15T14:02:44.620051Z,17,83,yes
613,206ba205-c4ba-4884-88f5-d0bfe71f5ce4,KXGDPYEAR-25-B1.8,92,2025-05-15T14:02:44.620051Z,17,83,yes
614,0fb57b23-9c77-4fd6-90f1-23188930704f,KXGDPYEAR-25-B1.8,44,2025-05-15T12:32:11.658441Z,16,84,no
615,31dc04ea-c8c6-4f6f-8e0d-c3ed7f2ba4dc,KXGDPYEAR-25-B1.8,24,2025-05-15T03:18:55.567514Z,16,84,no
616,0f913f8e-decd-4274-b278-a754f185ce69,KXGDPYEAR-25-B1.8,15,2025-05-15T03:18:34.168127Z,16,84,no
617,fd72aa09-8994-41a1-a2b0-7001204d7ffb,KXGDPYEAR-25-B1.8,12,2025-05-15T03:18:12.448213Z,16,84,no
618,da8615c0-54fa-475a-9c8c-bcc1e8c707f7,KXGDPYEAR-25-B1.8,9,2025-05-15T03:18:06.211106Z,18,82,yes
619,3ede61af-4789-4ff8-b69f-c8f4ba8b860b,KXGDPYEAR-25-B1.8,101,2025-05-15T03:18:06.211106Z,17,83,yes
620,8fd6ad46-d074-432a-b114-22af73ae6486,KXGDPYEAR-25-B1.8,2,2025-05-15T01:07:02.446768Z,16,84,no
621,c361e48e-b3eb-40a2-9808-e692f9bf6c72,KXGDPYEAR-25-B1.8,3,2025-05-14T22:02:00.19833Z,16,84,no
622,db826d57-1f43-46b9-9ea7-c0d696b4c538,KXGDPYEAR-25-B1.8,2,2025-05-14T22:01:43.958401Z,16,84,no
623,79b3126b-41c3-4db6-8406-baa3e96c7c65,KXGDPYEAR-25-B1.8,4,2025-05-14T22:01:17.39873Z,16,84,no
624,c12f8940-14ca-4a4b-a9d9-1c81c7aa6eda,KXGDPYEAR-25-B1.8,11,2025-05-14T22:01:14.76141Z,17,83,yes
625,2614ecd5-cb0a-431a-848b-453cf680b886,KXGDPYEAR-25-B1.8,100,2025-05-14T20:58:09.902956Z,17,83,yes
626,d4c68237-311b-47a3-a0a3-1b21ad541bb3,KXGDPYEAR-25-B1.8,38,2025-05-14T20:56:05.237463Z,17,83,yes
627,8725ee58-fc47-421b-a558-a5f62dda4d82,KXGDPYEAR-25-B1.8,40,2025-05-14T20:07:55.473016Z,16,84,no
628,e560a9dc-c7da-4613-ab43-6fccca142215,KXGDPYEAR-25-B1.8,101,2025-05-14T19:11:09.236312Z,16,84,yes
629,1521acda-fb4c-488f-8e39-e4ae15355053,KXGDPYEAR-25-B1.8,200,2025-05-14T19:09:47.534704Z,16,84,yes
630,911aaf97-a924-4b7c-a152-ba93297d3dea,KXGDPYEAR-25-B1.8,50,2025-05-14T18:30:16.671958Z,15,85,no
631,a8a9363c-8410-4220-9b29-90fb635851a7,KXGDPYEAR-25-B1.8,25,2025-05-14T12:39:59.862447Z,16,84,yes
632,794ed88f-f0a1-47a2-981c-f5a6d760d44e,KXGDPYEAR-25-B1.8,4,2025-05-14T05:47:12.779127Z,16,84,yes
633,73a8e80c-00bd-4023-adc7-84cefd82f932,KXGDPYEAR-25-B1.8,166,2025-05-14T05:47:12.779127Z,15,85,yes
634,675c549a-9844-4f9a-8ec9-41c35fd129a5,KXGDPYEAR-25-B1.8,630,2025-05-14T05:47:12.779127Z,17,83,yes
635,95d1331c-9808-4c09-b018-a1b14a3366ec,KXGDPYEAR-25-B1.8,188,2025-05-14T05:36:54.356052Z,15,85,yes
636,9a64cb7b-69d8-4523-aa8a-092be9645d3e,KXGDPYEAR-25-B1.8,62,2025-05-14T04:35:29.050473Z,15,85,yes
637,0aa9b480-d7c1-4430-a57c-8cf47cb76143,KXGDPYEAR-25-B1.8,31,2025-05-14T03:55:25.507249Z,15,85,yes
638,8948c624-f187-441b-b66a-a51ab6d5ea60,KXGDPYEAR-25-B1.8,150,2025-05-14T02:21:58.521965Z,15,85,yes
639,d054a31c-f3fe-4b23-b6fa-5dbddb391546,KXGDPYEAR-25-B1.8,279,2025-05-14T01:46:45.885643Z,14,86,yes
640,55a84755-8953-4d88-a10b-5cd6b5b057cd,KXGDPYEAR-25-B1.8,53,2025-05-14T01:46:45.885643Z,15,85,yes
641,016a411c-ca06-4625-9787-86099e88d6c4,KXGDPYEAR-25-B1.8,20,2025-05-14T01:03:27.573948Z,14,86,yes
642,a64786b0-5d61-453d-840e-227975cce3fd,KXGDPYEAR-25-B1.8,100,2025-05-14T00:57:11.432054Z,14,86,yes
643,cc8e5537-04db-4157-ab5a-1fed6a150283,KXGDPYEAR-25-B1.8,20,2025-05-14T00:56:53.362101Z,14,86,yes
644,c78e9b37-32b9-4750-84eb-63056a42c1a2,KXGDPYEAR-25-B1.8,168,2025-05-14T00:44:47.919403Z,14,86,yes
645,0a6c670c-f8dd-425f-ae24-566cd8e53c3f,KXGDPYEAR-25-B1.8,94,2025-05-14T00:31:27.844096Z,14,86,yes
646,be84baa2-4e25-49ef-9ce3-e1b6b4bf926f,KXGDPYEAR-25-B1.8,70,2025-05-14T00:03:39.017214Z,14,86,yes
647,f123684c-c9bc-4a66-a80a-27f2c7c24fb8,KXGDPYEAR-25-B1.8,14,2025-05-13T22:10:03.537018Z,13,87,yes
648,50cd2756-4432-46f9-a974-e8ed1633773d,KXGDPYEAR-25-B1.8,256,2025-05-13T22:10:03.537018Z,14,86,yes
649,b7b46a5f-660b-4c80-bfaa-287ade500d76,KXGDPYEAR-25-B1.8,5,2025-05-13T20:43:03.994201Z,13,87,yes
650,2520eb39-79b8-4683-81ce-40bd9e3b19bc,KXGDPYEAR-25-B1.8,181,2025-05-13T20:21:41.134571Z,13,87,yes
651,0d59d8bf-8c4b-4082-bab8-0602ab5f1076,KXGDPYEAR-25-B1.8,84,2025-05-13T20:01:08.634349Z,14,86,yes
652,62c70584-62a5-4160-9070-53cdedc651ed,KXGDPYEAR-25-B1.8,84,2025-05-13T20:00:55.981338Z,14,86,yes
653,3acddfcd-d059-4acd-a68d-045c5da499b4,KXGDPYEAR-25-B1.8,673,2025-05-13T19:41:46.39905Z,14,86,yes
654,ae80583c-a51f-4b34-afd4-1463b34d8e70,KXGDPYEAR-25-B1.8,134,2025-05-13T19:34:31.728829Z,14,86,yes
655,2f0b6424-5de6-40c8-9969-3d3d850aca08,KXGDPYEAR-25-B1.8,50,2025-05-13T19:31:14.783561Z,14,86,yes
656,1e6606e0-1577-48a5-8ac9-b08465f84109,KXGDPYEAR-25-B1.8,40,2025-05-13T19:30:53.642935Z,14,86,yes
657,fb1c2923-f502-42fc-b172-ea72cfdc9f0d,KXGDPYEAR-25-B1.8,6,2025-05-13T19:28:51.270651Z,14,86,yes
658,36927dc6-a7cd-43f3-83de-04d48543e8e9,KXGDPYEAR-25-B1.8,125,2025-05-13T19:17:29.772678Z,14,86,yes
659,f2854c79-49d0-4319-8621-9a22ac5288ef,KXGDPYEAR-25-B1.8,101,2025-05-13T19:11:52.40034Z,14,86,yes
660,bb6cdb1c-f050-4eb7-99f4-b3180618c34b,KXGDPYEAR-25-B1.8,4,2025-05-13T19:07:08.460106Z,14,86,yes
661,2065ea53-c75d-41fb-b6ae-41018083ea99,KXGDPYEAR-25-B1.8,1,2025-05-13T19:07:05.033164Z,14,86,yes
662,6bcafa03-cf25-4cf8-b19b-1718a56c7cef,KXGDPYEAR-25-B1.8,67,2025-05-13T18:54:20.67033Z,14,86,yes
663,a306a78f-733a-4b49-ad83-5221eb0bdfda,KXGDPYEAR-25-B1.8,134,2025-05-13T18:53:10.241107Z,14,86,yes
664,98e797f3-931c-4bd5-a8f9-0ff8d0230611,KXGDPYEAR-25-B1.8,134,2025-05-13T18:43:34.591162Z,14,86,yes
665,470b28c9-4b19-4617-9181-6dea22cd7488,KXGDPYEAR-25-B1.8,134,2025-05-03T15:44:29.522604Z,14,86,yes
666,614ad579-d1d2-4b52-832e-164ec05410c6,KXGDPYEAR-25-B1.8,222,2025-05-02T16:28:23.507581Z,14,86,yes
667,12aa8827-6e61-42c1-a41e-5d008033716a,KXGDPYEAR-25-B1.8,7,2025-04-20T21:12:17.59569Z,13,87,yes
668,f6873659-eea5-4025-8792-2dea663984d1,KXGDPYEAR-25-B1.8,30,2025-04-18T16:30:13.669152Z,13,87,yes
669,d0fc7682-c463-4a8d-bd2a-0f7bc3560f77,KXGDPYEAR-25-B1.8,60,2025-04-18T16:30:13.669152Z,13,87,yes
670,ec8f3e98-8947-4060-9236-30331e71656b,KXGDPYEAR-25-B1.8,39,2025-04-17T00:41:48.981836Z,13,87,yes
671,9c8f20f0-ce07-429c-a374-e3a052bcdc36,KXGDPYEAR-25-B1.8,1,2025-04-17T00:26:28.987857Z,13,87,yes
672,3394a2b9-26fe-49fe-8281-7c5feae35ae0,KXGDPYEAR-25-B1.8,90,2025-04-16T22:02:22.26123Z,11,89,no
673,10c280f1-e2f9-4c94-8d7d-f16bdfef49cc,KXGDPYEAR-25-B1.8,199,2025-04-09T03:20:26.481901Z,12,88,no
674,2095e6f8-1a38-4886-9098-170e0191ea42,KXGDPYEAR-25-B1.8,500,2025-04-07T12:44:06.287044Z,12,88,no
675,a3a51dc7-eb59-4bf6-a8be-d70aa1d1058f,KXGDPYEAR-25-B1.8,500,2025-04-07T00:55:47.251447Z,12,88,no
676,a2d3bb3f-d654-4342-9255-8f02c48cfd67,KXGDPYEAR-25-B1.8,2495,2025-04-05T17:35:39.516404Z,13,87,no
677,78cd8860-862c-44fd-a7fb-1171650484bf,KXGDPYEAR-25-B1.8,25,2025-04-05T14:26:14.382537Z,13,87,no
678,f7dc82f3-b043-4d51-a379-69a61a6240cc,KXGDPYEAR-25-B1.8,1018,2025-04-04T17:10:47.016218Z,13,87,no
679,79733634-bc33-470e-b483-5b1d1d72bc8e,KXGDPYEAR-25-B1.8,206,2025-04-04T15:04:01.539903Z,13,87,no
680,350cd4d0-f786-417f-9dd2-2bdb8acb6626,KXGDPYEAR-25-B1.8,33,2025-04-03T20:00:01.767239Z,14,86,yes
681,38f6650a-365a-4d5f-8561-cbd23df89ca4,KXGDPYEAR-25-B1.8,2,2025-04-03T16:54:32.154436Z,14,86,yes
682,9f1a59fb-b70e-48e7-b1f9-37e524e5ede6,KXGDPYEAR-25-B1.8,175,2025-04-02T23:59:56.089523Z,13,87,no
683,e320aa99-3de3-4d43-b584-a04e20c0ebdf,KXGDPYEAR-25-B1.8,191,2025-04-02T21:31:44.278955Z,14,86,no
684,d1f4a8ae-4427-4526-991d-12798ddab0e2,KXGDPYEAR-25-B1.8,1079,2025-04-02T21:31:44.278955Z,13,87,no
685,dce67bd8-9e3b-4aa0-bf3c-bd28d1ad8d8e,KXGDPYEAR-25-B1.8,500,2025-04-02T20:44:17.223007Z,14,86,no
686,50e200e8-cd4b-4047-9550-669de1f4b058,KXGDPYEAR-25-B1.8,18,2025-04-01T23:51:20.946133Z,15,85,yes
687,bbf9cf5f-83a0-44ad-9e6c-ca5f674c2808,KXGDPYEAR-25-B1.8,1250,2025-04-01T03:35:27.404228Z,14,86,no
688,c1aa9033-c310-45e1-b41c-2e78d24631f3,KXGDPYEAR-25-B1.8,59,2025-03-22T12:25:21.88069Z,14,86,no
689,606127c4-2536-45f3-9d8e-e1ef192b54c8,KXGDPYEAR-25-B1.8,9,2025-03-21T03:18:21.889806Z,15,85,yes
690,cc749e0b-91f2-4567-ab3a-4d03b2b8e79b,KXGDPYEAR-25-B1.8,4,2025-03-21T03:17:28.582961Z,15,85,yes
691,f4b8d410-4c87-401c-8b0b-7e8f2bc90892,KXGDPYEAR-25-B1.8,1,2025-03-18T18:41:16.374081Z,17,83,yes
692,4a05169f-4236-461f-9d5e-8587b1d2d196,KXGDPYEAR-25-B1.8,100,2025-03-18T18:41:16.374081Z,17,83,yes
693,2aeb37b7-c449-4733-ad40-fbc5117ca1e9,KXGDPYEAR-25-B1.8,11,2025-03-18T18:41:16.374081Z,15,85,yes
694,f388f8e0-1391-4d98-9710-1f38d69aa044,KXGDPYEAR-25-B1.8,122,2025-03-13T17:38:24.477172Z,14,86,yes
695,953c1869-218b-4c11-9591-59d5e66a2426,KXGDPYEAR-25-B1.8,20,2025-03-13T02:50:57.76552Z,15,85,yes
696,6d783358-be31-498c-bc3f-9c72ddcb2bbd,KXGDPYEAR-25-B1.8,132,2025-03-08T19:04:52.44878Z,14,86,yes
697,45758edb-0058-40a6-81a5-40164b0c7fc2,KXGDPYEAR-25-B1.8,3,2025-03-08T19:04:52.44878Z,14,86,yes
698,277d6a71-7e3d-4ad8-be2f-baa398a12637,KXGDPYEAR-25-B1.8,40,2025-03-08T19:04:52.44878Z,16,84,yes
699,8bfefc08-3755-457f-91bb-60936720992f,KXGDPYEAR-25-B1.8,3,2025-03-07T13:36:27.545218Z,14,86,yes
700,83a96f27-b6a6-488b-a9a8-b3cdb0545c1c,KXGDPYEAR-25-B1.8,2131,2025-03-07T13:36:27.545218Z,14,86,yes
701,773e3588-d196-4bf0-a263-873e8b06a0f3,KXGDPYEAR-25-B1.8,11,2025-03-07T13:36:27.545218Z,14,86,yes
702,6251886d-03c5-4d5c-a158-cc5bac271e18,KXGDPYEAR-25-B1.8,2,2025-03-03T23:02:48.144282Z,13,87,no
703,f79277bf-c3cb-42b2-8fba-0f4c239257a0,KXGDPYEAR-25-B1.8,950,2025-02-28T16:36:37.652494Z,13,87,no
704,ce4ef698-9d77-4737-92b8-d96cd9e69b0a,KXGDPYEAR-25-B1.8,50,2025-02-28T16:36:37.652494Z,13,87,no
705,a68d2b64-537d-484e-a002-8116378da1e1,KXGDPYEAR-25-B1.8,1000,2025-02-28T16:36:37.652494Z,13,87,no
706,4a81c8f6-4ce8-455f-8a16-75ef82b3fd99,KXGDPYEAR-25-B1.8,50,2025-02-28T16:36:37.652494Z,13,87,no
707,2a6ebbd4-9091-4971-867f-0bd2317ec727,KXGDPYEAR-25-B1.8,3,2025-02-28T16:36:37.652494Z,13,87,no
708,15d89800-a9e6-4ae1-bf00-292a0866c2b7,KXGDPYEAR-25-B1.8,237,2025-02-28T16:36:37.652494Z,13,87,no
709,09863a05-e7fb-4512-8b49-5c06b51a008a,KXGDPYEAR-25-B1.8,11,2025-02-28T16:36:16.063381Z,15,85,no
710,c380c70a-c851-431a-906d-0598b2f35b40,KXGDPYEAR-25-B1.8,142,2025-02-28T05:44:38.482077Z,17,83,yes
711,c1d933f6-2615-41ee-924c-f1e38db7c226,KXGDPYEAR-25-B1.8,4132,2025-02-28T05:44:38.482077Z,17,83,yes
712,dba5abe1-f035-4633-9b31-a043e6104115,KXGDPYEAR-25-B1.8,94,2025-02-28T05:43:57.913731Z,16,84,yes
713,25c208ad-ea31-4065-b3a5-fdb5cf6250e7,KXGDPYEAR-25-B1.8,64,2025-02-28T05:43:57.913731Z,16,84,yes
714,22ba9f2f-3ad1-402f-b114-93f9f5e33a54,KXGDPYEAR-25-B1.8,842,2025-02-28T05:43:57.913731Z,18,82,yes
715,5b1740ad-7759-40bb-95a8-dcfddb5a3ad1,KXGDPYEAR-25-B1.8,1,2025-02-28T04:50:17.683816Z,16,84,yes
716,327dbab9-19c7-4d73-8815-b5802fdbb156,KXGDPYEAR-25-B1.8,1,2025-02-28T04:49:30.044197Z,16,84,yes
717,534c51a5-b8d4-4277-87c1-8fa1b4823bbb,KXGDPYEAR-25-B1.8,1,2025-02-28T04:47:30.238285Z,16,84,yes
718,c603e91b-855a-4ca2-a89d-62f4f5982302,KXGDPYEAR-25-B1.8,59,2025-02-22T17:42:20.206004Z,16,84,yes
719,bcfe62e9-e61e-4178-be13-7b67f34ca2c3,KXGDPYEAR-25-B1.8,52,2025-02-22T06:32:07.930041Z,16,84,yes
720,44c6fa5d-74c8-4c5e-ab4a-5700821c76e5,KXGDPYEAR-25-B1.8,23,2025-02-22T06:32:07.930041Z,16,84,yes
721,1772875f-5670-4c9e-841c-08992dd09377,KXGDPYEAR-25-B1.8,131,2025-02-22T06:32:07.930041Z,16,84,yes
722,7ee201d5-d237-4d48-ae40-78f60f717198,KXGDPYEAR-25-B1.8,25,2025-02-22T00:55:48.000316Z,16,84,yes
723,87c3f066-13b5-48e8-b2c1-7004be16e613,KXGDPYEAR-25-B1.8,2,2025-02-15T16:24:08.129429Z,16,84,yes
724,715b7f23-3d43-4300-8e11-79e102013447,KXGDPYEAR-25-B1.8,6,2025-02-03T02:08:31.814128Z,15,85,yes
725,a429eb7a-ad31-4d30-97c2-e40bbda6e5a3,KXGDPYEAR-25-B1.8,41,2025-02-02T21:25:01.431709Z,14,86,yes
726,52e4c9f7-0cb2-4698-a958-24a1676fa736,KXGDPYEAR-25-B1.8,100,2025-02-02T21:25:01.431709Z,14,86,yes
727,3bb7ad1e-2f22-49e0-a85b-5b102b403c0a,KXGDPYEAR-25-B1.8,253,2025-02-02T21:25:01.431709Z,14,86,yes
728,a6d2cdf5-9733-45ae-8f5a-51eeb198e5b1,KXGDPYEAR-25-B1.8,134,2025-01-31T23:14:08.272813Z,14,86,yes
729,14678d6e-be9b-477f-9a9e-c55ce63e67b6,KXGDPYEAR-25-B1.8,13,2025-01-31T15:48:10.607036Z,14,86,yes
730,7a502c32-9021-464e-a678-aa0ca22059a4,KXGDPYEAR-25-B1.8,1,2025-01-31T03:38:20.545858Z,14,86,yes
731,9f9f8e8d-2a71-4427-9ca1-122295ea5160,KXGDPYEAR-25-B1.8,500,2025-01-31T01:30:04.976638Z,14,86,yes
732,13ab34b5-056a-45fd-8f4e-93dd6b64383d,KXGDPYEAR-25-B1.8,2500,2025-01-31T01:29:49.698206Z,14,86,yes
733,eaf847fd-0cc3-4882-8896-95b7ac006c4a,KXGDPYEAR-25-B1.8,60,2025-01-25T20:23:38.133125Z,14,86,yes
734,69740d4e-e669-40be-b351-083857dda37a,KXGDPYEAR-25-B1.8,21,2025-01-18T21:57:58.156949Z,13,87,yes
735,42ff751d-2162-4ee0-9f4a-54bd5bf27592,KXGDPYEAR-25-B1.8,50,2025-01-18T13:02:40.858708Z,13,87,yes
736,42e0cc2a-4336-4696-bcce-185f7c40e280,KXGDPYEAR-25-B1.8,95,2025-01-01T20:08:21.859643Z,11,89,yes
737,25dfa3d8-7cfb-469a-96d5-23211d58c1a3,KXGDPYEAR-25-B1.8,120,2025-01-01T20:08:04.452055Z,11,89,yes
738,bba6f7ef-af71-499c-8e76-c705878b6df6,KXGDPYEAR-25-B1.8,337,2025-01-01T20:05:56.335769Z,13,87,no
739,1975e4ee-d576-490c-9b4d-c02f61cb93ef,KXGDPYEAR-25-B1.8,431,2025-01-01T20:05:56.335769Z,12,88,no
740,fed5d61b-d86f-4089-ba6d-9a033662b0b9,KXGDPYEAR-25-B1.8,69,2025-01-01T19:49:24.303816Z,12,88,yes
741,ffeafda7-4dc1-48cc-b1ba-aa99de35d0ec,KXGDPYEAR-25-B1.8,493,2025-01-01T19:47:01.029911Z,13,87,yes
742,ac1cee54-df0b-480d-9ca6-ca0f99c7fbba,KXGDPYEAR-25-B1.8,1000,2025-01-01T19:47:01.029911Z,13,87,yes
743,679e5a37-661f-48e3-8037-e32d94309368,KXGDPYEAR-25-B1.8,1400,2025-01-01T19:47:01.029911Z,12,88,yes
744,2d7a276f-e926-4e55-8bb4-3e3eebbc5534,KXGDPYEAR-25-B1.8,7,2025-01-01T19:47:01.029911Z,13,87,yes
745,27458059-d1c2-4130-bac3-3ca0407b5f49,KXGDPYEAR-25-B1.8,7,2024-12-31T21:41:29.289694Z,13,87,yes
746,e28e320d-6224-42c4-9505-67f00ae64772,KXGDPYEAR-25-B1.8,3,2024-12-22T01:33:29.686554Z,18,82,no
747,808e8d0a-67f9-4eac-a018-216ad03c65b2,KXGDPYEAR-25-B1.8,4,2024-12-22T01:33:29.686554Z,15,85,no
748,a0e024b5-19b2-4a0f-bb56-aaf550cb3e4f,KXGDPYEAR-25-B1.8,2,2024-12-21T20:02:10.074388Z,20,80,yes
749,b9f6d6fc-5279-444b-90ae-fcb47366fd6b,KXGDPYEAR-25-B1.8,3,2024-12-21T19:59:35.499302Z,15,85,no
750,8891f8a8-0eec-4103-a0da-9dc8096e5745,KXGDPYEAR-25-B2.3,14,2025-07-21T15:36:11.784233Z,12,88,no
751,68e24264-58d3-4aeb-b759-1a06e9576280,KXGDPYEAR-25-B2.3,10,2025-07-21T04:56:11.910416Z,16,84,yes
752,1681c2ce-76f5-40a7-abd5-41c9fe8f2e46,KXGDPYEAR-25-B2.3,11,2025-07-20T01:24:35.751577Z,16,84,yes
753,21bb7203-8b67-423a-9582-faab122a65a4,KXGDPYEAR-25-B2.3,5,2025-07-17T18:58:23.792521Z,16,84,yes
754,c57acdb5-e760-49d4-ae42-47d2e141eb1c,KXGDPYEAR-25-B2.3,33,2025-07-16T19:40:01.271575Z,14,86,no
755,a16611f1-a45b-4bd9-9ed6-4f4d5c01a307,KXGDPYEAR-25-B2.3,5,2025-07-16T19:40:01.271575Z,14,86,no
756,b18f2ae5-d3c2-4408-aa27-7e795109acab,KXGDPYEAR-25-B2.3,5,2025-07-16T19:38:37.964581Z,14,86,no
757,3d7704fa-93cd-44bb-9804-7f0b6005db17,KXGDPYEAR-25-B2.3,3775,2025-07-16T19:38:37.964581Z,14,86,no
758,ca86c89b-9a09-46ad-8575-7aed306c923b,KXGDPYEAR-25-B2.3,2466,2025-07-16T19:37:29.269505Z,15,85,no
759,7e5b80f7-abc2-4e3a-a161-22d5d0aa8bfa,KXGDPYEAR-25-B2.3,5,2025-07-16T19:33:37.801467Z,14,86,yes
760,70abd0ea-a260-4c71-b5a8-ddb15159f9b7,KXGDPYEAR-25-B2.3,25,2025-07-16T19:33:37.801467Z,14,86,yes
761,89e3597a-b426-49fa-809d-40e5b28f9561,KXGDPYEAR-25-B2.3,2453,2025-07-16T19:33:37.710026Z,13,87,yes
762,90e49ff2-1715-4033-8bd6-842548bea7ea,KXGDPYEAR-25-B2.3,2547,2025-07-16T19:33:28.560451Z,13,87,yes
763,12db16dd-3562-4e2a-b317-d7ecdc405a0f,KXGDPYEAR-25-B2.3,3,2025-07-16T19:33:28.560451Z,12,88,yes
764,abd9febe-bf96-44eb-8bc1-beb833cd6e8c,KXGDPYEAR-25-B2.3,35,2025-07-16T00:29:35.331045Z,10,90,no
765,881db532-f0fb-4a91-86f6-3cd98bf4a0af,KXGDPYEAR-25-B2.3,7,2025-07-14T20:15:15.074723Z,12,88,yes
766,a36740dc-c3b3-42c4-936b-ac364efc6935,KXGDPYEAR-25-B2.3,156,2025-07-10T00:50:52.943289Z,12,88,yes
767,60b04eaa-c5f3-418f-af65-a6985bd12f30,KXGDPYEAR-25-B2.3,1911,2025-06-27T13:09:09.628722Z,10,90,no
768,324c572f-b14d-45eb-9f41-c7d30148151c,KXGDPYEAR-25-B2.3,5,2025-06-27T00:19:21.1848Z,13,87,yes
769,df9b877c-8bea-4a74-b4d0-e214745eca72,KXGDPYEAR-25-B2.3,5,2025-06-26T12:59:32.355572Z,11,89,no
770,ba8488e0-59f0-49f0-a9d2-90afd7c85656,KXGDPYEAR-25-B2.3,3,2025-06-26T12:59:32.355572Z,11,89,no
771,b2e94d06-d7ea-48e6-a867-af778ac019f3,KXGDPYEAR-25-B2.3,800,2025-06-26T12:59:32.355572Z,9,91,no
772,9e09ab68-8a1d-46ae-a2ac-f0fb76c1c685,KXGDPYEAR-25-B2.3,27,2025-06-26T12:59:32.355572Z,13,87,no
773,646808f5-200b-4e11-82c9-3a6d8a1568dc,KXGDPYEAR-25-B2.3,11,2025-06-26T12:59:32.355572Z,10,90,no
774,644d2655-9059-483c-b740-dc009a695b04,KXGDPYEAR-25-B2.3,2,2025-06-26T12:59:32.355572Z,11,89,no
775,52d8e2de-e777-4892-892e-8b7e5b217c5f,KXGDPYEAR-25-B2.3,25,2025-06-26T12:59:32.355572Z,9,91,no
776,a5be6bbc-c4c7-4be4-9e53-cd2c3df6a929,KXGDPYEAR-25-B2.3,404,2025-06-25T23:15:21.16174Z,14,86,yes
777,a63f72f2-a5ea-4b18-97bd-507975165371,KXGDPYEAR-25-B2.3,10,2025-06-24T17:17:50.079866Z,13,87,no
778,885bc962-68e5-4776-8eae-28b0019e3ea4,KXGDPYEAR-25-B2.3,260,2025-06-11T21:19:22.922696Z,13,87,no
779,dd66889d-2d04-4c4f-bba1-d0a33fe18d06,KXGDPYEAR-25-B2.3,5,2025-05-31T19:56:54.138616Z,15,85,yes
780,bb7928e7-5c57-4ebc-8c41-bb340e9e5b1a,KXGDPYEAR-25-B2.3,150,2025-05-31T12:42:35.814957Z,13,87,no
781,a876b050-99bf-41d4-918f-902830a446dc,KXGDPYEAR-25-B2.3,125,2025-05-30T18:51:47.337617Z,15,85,yes
782,1ff36b39-5853-4269-8dca-326e71b95458,KXGDPYEAR-25-B2.3,5,2025-05-30T15:28:34.161027Z,15,85,yes
783,c1275d74-ba48-4c76-89c4-e9e4a4a5ce12,KXGDPYEAR-25-B2.3,373,2025-05-28T16:48:59.474106Z,13,87,no
784,3ed421bd-152b-4833-961d-35e98206cd37,KXGDPYEAR-25-B2.3,12,2025-05-27T21:04:04.432798Z,15,85,yes
785,e44c2f3f-9b20-4847-9cf4-a109420191db,KXGDPYEAR-25-B2.3,200,2025-05-27T15:34:13.978413Z,15,85,yes
786,ba6b5b38-3f5a-4fca-a0a9-d0f221d59dfd,KXGDPYEAR-25-B2.3,1,2025-05-26T05:44:43.391436Z,13,87,no
787,97641319-f092-4658-8e70-4db360e70afe,KXGDPYEAR-25-B2.3,5,2025-05-25T13:27:57.34564Z,13,87,no
788,3c242e4c-a8bd-48af-a9a7-78b06d4bb562,KXGDPYEAR-25-B2.3,18,2025-05-24T23:38:58.959326Z,15,85,yes
789,a1ccf2ec-7718-4fec-a9f4-663f24e21eea,KXGDPYEAR-25-B2.3,100,2025-05-24T15:10:55.864807Z,14,86,yes
790,2a406dad-ed2f-431f-9bc6-d6d98af74196,KXGDPYEAR-25-B2.3,2,2025-05-20T19:12:03.233924Z,12,88,no
791,9332454a-688d-4af6-8bd8-5186a51d9602,KXGDPYEAR-25-B2.3,50,2025-05-20T15:21:10.636129Z,15,85,yes
792,29afbac0-7d09-4f8e-be05-e2efbda52213,KXGDPYEAR-25-B2.3,500,2025-05-20T15:19:06.65622Z,15,85,yes
793,403f8331-edf1-4ead-a181-4cbbef2a67b8,KXGDPYEAR-25-B2.3,10,2025-05-19T00:02:16.78037Z,15,85,yes
794,3e357cc5-da00-49a7-96dd-4c1138d0bdcb,KXGDPYEAR-25-B2.3,31,2025-05-18T15:46:05.253393Z,15,85,yes
795,69632e1d-4025-4604-b24c-68f713e957eb,KXGDPYEAR-25-B2.3,31,2025-05-16T13:56:35.929565Z,15,85,yes
796,cab084d9-deed-402f-a5e2-5b05036a9ab5,KXGDPYEAR-25-B2.3,27,2025-05-16T02:05:47.225745Z,16,84,yes
797,c7577a73-2743-4016-b182-1aaed60fd1e3,KXGDPYEAR-25-B2.3,252,2025-05-16T02:05:47.225745Z,14,86,yes
798,b0f3208b-8e37-4730-bb02-69037fe2381d,KXGDPYEAR-25-B2.3,20,2025-05-16T02:05:47.225745Z,15,85,yes
799,47a6706c-d7d7-4b82-8041-a8284f983b10,KXGDPYEAR-25-B2.3,34,2025-05-16T02:05:47.225745Z,14,86,yes
800,28f2ced8-03bd-4896-9c5e-a74bc1609f80,KXGDPYEAR-25-B2.3,4,2025-05-16T02:05:47.225745Z,15,85,yes
801,a20af78b-82b0-4f2e-9613-a4d69578f08c,KXGDPYEAR-25-B2.3,121,2025-05-15T14:03:10.942924Z,14,86,yes
802,39b2c3c6-35ae-434b-ac1f-b12c0af12e35,KXGDPYEAR-25-B2.3,134,2025-05-15T03:18:29.463541Z,14,86,yes
803,e8ac5aa2-d117-4e45-9191-32de720c1ab2,KXGDPYEAR-25-B2.3,13,2025-05-14T22:01:40.882371Z,14,86,yes
804,14b091b8-9bac-426e-aabc-9f36512f1703,KXGDPYEAR-25-B2.3,50,2025-05-14T20:59:08.293616Z,14,86,yes
805,9697ceb2-772e-4f92-ba98-5e3b08e23c3c,KXGDPYEAR-25-B2.3,47,2025-05-14T20:56:13.492603Z,14,86,yes
806,e730a19a-53b8-4dd8-8efd-6984eda310b1,KXGDPYEAR-25-B2.3,25,2025-05-14T19:11:44.903299Z,12,88,no
807,72b5d183-1ae6-4570-bcb6-f1570fdf456c,KXGDPYEAR-25-B2.3,325,2025-05-14T19:10:48.750002Z,15,85,yes
808,666de7bd-0f28-4d2e-9fcd-477b9c5cd964,KXGDPYEAR-25-B2.3,155,2025-05-14T19:10:48.750002Z,13,87,yes
809,12a6ff1c-3529-47e4-a6d5-1436d4c838cd,KXGDPYEAR-25-B2.3,1,2025-05-14T19:10:48.750002Z,15,85,yes
810,05bf7231-81a8-4a56-b381-66c8ef5ac541,KXGDPYEAR-25-B2.3,19,2025-05-14T19:10:48.750002Z,13,87,yes
811,5185b02e-5e57-4d67-a1bd-02eece2bab2a,KXGDPYEAR-25-B2.3,26,2025-05-14T19:10:06.25782Z,13,87,no
812,06d0a55a-34a3-4c74-a09a-9b6b12749180,KXGDPYEAR-25-B2.3,26,2025-05-14T19:10:00.997897Z,13,87,no
813,965ce909-7f85-48f6-a809-334045808e9f,KXGDPYEAR-25-B2.3,200,2025-05-14T19:09:56.182867Z,13,87,yes
814,531d6ea9-42be-4eba-a338-42b7da9e5913,KXGDPYEAR-25-B2.3,25,2025-05-14T12:40:08.931854Z,13,87,yes
815,fed5d906-9ae8-47ce-8f26-56ae0eaf5680,KXGDPYEAR-25-B2.3,4,2025-05-14T05:47:54.228177Z,13,87,yes
816,efc47c33-bb76-4336-b4bd-8457d9bd0624,KXGDPYEAR-25-B2.3,392,2025-05-14T05:47:54.228177Z,14,86,yes
817,ae994f8c-a0b5-4a3e-bb00-1606c6835442,KXGDPYEAR-25-B2.3,583,2025-05-14T05:47:54.228177Z,12,88,yes
818,6f0a6b38-b7f7-48c8-a4b6-f66e64fdecc6,KXGDPYEAR-25-B2.3,71,2025-05-14T05:47:54.228177Z,13,87,yes
819,13acb4fd-4ec4-4b8d-9d29-50aa36f49ec4,KXGDPYEAR-25-B2.3,235,2025-05-14T05:36:46.959123Z,12,88,yes
820,31d90f7d-46ab-4e82-aafe-a296586a7760,KXGDPYEAR-25-B2.3,78,2025-05-14T04:35:03.758864Z,12,88,yes
821,47ae7e24-3300-4c01-95ed-1f1656a8242a,KXGDPYEAR-25-B2.3,39,2025-05-14T03:55:37.10171Z,12,88,yes
822,c53910a0-f293-4676-b1b7-9fe54c1c26ba,KXGDPYEAR-25-B2.3,347,2025-05-14T01:46:55.540342Z,11,89,yes
823,aaaf3447-f9a9-40a0-b47e-0aa1d78e1e36,KXGDPYEAR-25-B2.3,4,2025-05-14T01:46:55.540342Z,12,88,yes
824,5ba88ed6-a9af-4db1-a7b8-16ca324b04ee,KXGDPYEAR-25-B2.3,60,2025-05-14T01:46:55.540342Z,13,87,yes
825,19df8a83-21a0-4166-a4d3-f4518bc83792,KXGDPYEAR-25-B2.3,5,2025-05-14T01:46:55.540342Z,11,89,yes
826,455e255d-a848-4a1d-9a48-73ba2abd425d,KXGDPYEAR-25-B2.3,150,2025-05-14T01:46:11.938235Z,11,89,no
827,aec4bca3-7756-4647-9f27-46a757ef0921,KXGDPYEAR-25-B2.3,21,2025-05-14T01:03:45.724675Z,13,87,yes
828,849d0ddf-4078-42b5-bb8e-2595a359cdda,KXGDPYEAR-25-B2.3,100,2025-05-14T00:57:23.914159Z,13,87,yes
829,9f950ad0-c977-42d7-83e2-4b2ea5a16ccb,KXGDPYEAR-25-B2.3,21,2025-05-14T00:57:02.198841Z,13,87,yes
830,f15a9422-4999-434e-ad96-65859d6e011e,KXGDPYEAR-25-B2.3,181,2025-05-14T00:45:00.439097Z,13,87,yes
831,fa58d735-0b0a-49c7-9d5b-38801de6da7b,KXGDPYEAR-25-B2.3,101,2025-05-14T00:31:30.485321Z,13,87,yes
832,57cd62d5-5269-48e5-8ce6-e5a8463c1c14,KXGDPYEAR-25-B2.3,70,2025-05-14T00:04:06.241973Z,13,87,yes
833,fb7e4053-54bc-48e2-b794-b46f1e0f8157,KXGDPYEAR-25-B2.3,313,2025-05-13T22:10:21.261898Z,12,88,yes
834,6bde474d-95b5-45db-9abb-90191419cba5,KXGDPYEAR-25-B2.3,5,2025-05-13T20:43:16.16309Z,12,88,yes
835,540fd806-3d4f-44d5-ae11-2629e2d9a406,KXGDPYEAR-25-B2.3,196,2025-05-13T20:37:55.379148Z,12,88,yes
836,a86d5d86-5a22-44cd-96d1-17c57975e559,KXGDPYEAR-25-B2.3,200,2025-05-13T20:21:48.83287Z,11,89,yes
837,01c89ba4-36f3-482d-acd3-d04495597ed6,KXGDPYEAR-25-B2.3,12,2025-05-13T20:21:48.83287Z,12,88,yes
838,306a9548-5d5d-4e12-ac4b-015c9ea1add9,KXGDPYEAR-25-B2.3,196,2025-05-13T20:01:24.711984Z,12,88,yes
839,f9dc721d-8a17-4bec-a589-c48188474444,KXGDPYEAR-25-B2.3,529,2025-05-13T19:42:13.893044Z,9,91,yes
840,f4efe595-8607-41cc-a70b-b235e866e10b,KXGDPYEAR-25-B2.3,1,2025-05-13T19:42:13.893044Z,11,89,yes
841,d902b338-8257-4fe7-b259-de44e27160f7,KXGDPYEAR-25-B2.3,1,2025-05-13T19:42:13.893044Z,11,89,yes
842,72df8db9-a47a-4c63-9ae8-9df3a647134d,KXGDPYEAR-25-B2.3,264,2025-05-13T19:42:13.893044Z,13,87,yes
843,340712b8-dcc2-4b8b-bc17-616806007cc7,KXGDPYEAR-25-B2.3,2,2025-05-13T19:42:13.893044Z,11,89,yes
844,11383e0e-8161-4d1e-bfda-322a8081668f,KXGDPYEAR-25-B2.3,90,2025-05-13T19:42:13.893044Z,13,87,yes
845,7f02c8f5-74b4-42f0-a25a-9b62c1cbc688,KXGDPYEAR-25-B2.3,208,2025-05-13T19:34:52.747336Z,9,91,yes
846,31b08ecd-c92c-4727-b3e1-4076b212f8df,KXGDPYEAR-25-B2.3,50,2025-05-13T19:31:39.260224Z,9,91,yes
847,44737b9f-d84e-4720-9976-56e53b2a8373,KXGDPYEAR-25-B2.3,62,2025-05-13T19:31:18.139278Z,9,91,yes
848,a3db408f-4c22-48fb-9772-53ec850f651e,KXGDPYEAR-25-B2.3,10,2025-05-13T19:29:08.014641Z,9,91,yes
849,a392c88f-dcc6-4c0c-b173-b00bb79be341,KXGDPYEAR-25-B2.3,200,2025-05-13T19:18:07.330704Z,9,91,yes
850,0e667d2c-646c-4174-9660-d44fbd4fe190,KXGDPYEAR-25-B2.3,156,2025-05-13T19:12:17.035039Z,9,91,yes
851,5ac5d6e3-25a3-49c6-a73d-8b028628d1e5,KXGDPYEAR-25-B2.3,1,2025-05-13T19:07:26.568803Z,9,91,yes
852,dcc7ba8f-63d3-467c-b711-d7df0d628a8d,KXGDPYEAR-25-B2.3,104,2025-05-13T18:54:29.57976Z,9,91,yes
853,57fb57c9-ea92-4b42-aeb3-2a2381d1dfc4,KXGDPYEAR-25-B2.3,208,2025-05-13T18:53:29.004788Z,9,91,yes
854,deb668a8-e03e-4483-9951-b488289ca284,KXGDPYEAR-25-B2.3,208,2025-05-13T18:43:43.910221Z,9,91,yes
855,e461cbfd-fce8-4c44-9394-fd2aa23e5c82,KXGDPYEAR-25-B2.3,80,2025-05-02T16:28:28.331926Z,9,91,yes
856,c7e69a87-0797-463a-ae00-8543fedf11ef,KXGDPYEAR-25-B2.3,264,2025-05-02T16:28:28.331926Z,9,91,yes
857,5e8378ee-2c2d-4854-913c-ea5fe72bf958,KXGDPYEAR-25-B2.3,11,2025-04-20T21:12:30.15605Z,8,92,yes
858,5fa04841-34d6-40e7-8d83-beb0168a58e0,KXGDPYEAR-25-B2.3,9,2025-04-12T20:24:11.600498Z,8,92,yes
859,94d006a6-e8e8-4632-af05-b4d14a85e132,KXGDPYEAR-25-B2.3,56,2025-04-06T18:22:23.430709Z,8,92,no
860,d0f5eefa-9018-4b32-a910-57af468841ed,KXGDPYEAR-25-B2.3,328,2025-04-04T15:04:06.445524Z,7,93,no
861,83068a01-7ebe-4647-8c43-47bd33362e55,KXGDPYEAR-25-B2.3,2,2025-04-03T16:54:45.825704Z,12,88,yes
862,1aa93f50-0f45-4c84-8e30-108e97a13d72,KXGDPYEAR-25-B2.3,1118,2025-04-03T02:10:44.378879Z,12,88,no
863,2a7acc5c-1ffd-4a31-9a9d-3b5873d01e3f,KXGDPYEAR-25-B2.3,1256,2025-04-02T21:31:44.548943Z,12,88,no
864,01cf808b-1a8d-464e-8d4f-e052718d8448,KXGDPYEAR-25-B2.3,10,2025-04-01T23:51:43.257262Z,13,87,yes
865,0cc7170d-b8f7-4b10-adbe-32f5c10d902f,KXGDPYEAR-25-B2.3,1,2025-03-31T23:53:52.772603Z,12,88,no
866,1d41e312-810e-42cc-9272-0270cc194743,KXGDPYEAR-25-B2.3,2,2025-03-30T04:25:27.975673Z,12,88,no
867,349b1768-ed05-4879-94c4-717a4268429e,KXGDPYEAR-25-B2.3,20,2025-03-22T15:41:58.082416Z,12,88,no
868,e8a60373-8f7c-4602-9e69-f0fe8e014140,KXGDPYEAR-25-B2.3,49,2025-03-22T12:25:16.813035Z,12,88,no
869,8df47e01-0010-4e95-a298-cc1f45069c21,KXGDPYEAR-25-B2.3,55,2025-03-20T06:19:07.096692Z,12,88,no
870,dee9dac9-65cf-47f7-b86c-52c1f676b6c5,KXGDPYEAR-25-B2.3,5,2025-03-17T13:30:30.806268Z,14,86,no
871,1513f3db-b484-4e91-99b5-ba10da6cffb3,KXGDPYEAR-25-B2.3,2,2025-03-17T13:30:30.806268Z,14,86,no
872,5124dcaf-cfdb-41cd-a4f8-bea329f2d3d1,KXGDPYEAR-25-B2.3,3,2025-03-15T00:10:09.580187Z,15,85,yes
873,1a342143-b0f3-4d8b-bb94-1de2c25c1581,KXGDPYEAR-25-B2.3,3,2025-03-15T00:10:09.580187Z,13,87,yes
874,d79ebc12-b565-473f-aaaa-ed33cca2065e,KXGDPYEAR-25-B2.3,1,2025-03-14T16:33:27.055873Z,12,88,no
875,919b0ba5-4f04-4d37-a4a6-71985c846bc1,KXGDPYEAR-25-B2.3,126,2025-03-13T17:38:35.655424Z,13,87,yes
876,5095e7fc-2049-4a46-b9c3-f98d992e513b,KXGDPYEAR-25-B2.3,46,2025-03-13T17:38:35.655424Z,13,87,yes
877,2f2059e9-ef25-468d-820e-a3655483c3d5,KXGDPYEAR-25-B2.3,14,2025-03-13T17:38:35.655424Z,13,87,yes
878,565ef23e-203f-4855-ba82-4185240ca4d2,KXGDPYEAR-25-B2.3,1500,2025-03-13T16:56:09.802379Z,12,88,no
879,9062c64f-280b-4ebf-a6e9-16f5ed595cdb,KXGDPYEAR-25-B2.3,3,2025-03-13T13:48:38.452558Z,13,87,yes
880,a6543160-884b-4201-96ff-db34dc9b6f6f,KXGDPYEAR-25-B2.3,998,2025-03-13T13:40:44.432371Z,12,88,no
881,70e89c1b-b9eb-48be-8562-dfacdccdb0dd,KXGDPYEAR-25-B2.3,2,2025-03-13T13:40:44.432371Z,12,88,no
882,3d995539-570e-49da-bcd9-c7ae700fdb86,KXGDPYEAR-25-B2.3,150,2025-03-05T20:31:14.140798Z,13,87,no
883,f8177a2d-7aa1-400e-8938-8c59a6521aec,KXGDPYEAR-25-B2.3,1000,2025-03-04T00:46:50.47913Z,14,86,no
884,c6b1d7a8-fe7f-4c5b-a003-5560d8b585fb,KXGDPYEAR-25-B2.3,6,2025-02-28T16:35:58.831122Z,15,85,no
885,8f8f9181-c309-4ad1-9128-87a96534768c,KXGDPYEAR-25-B2.3,1920,2025-02-28T16:35:58.831122Z,15,85,no
886,c8116678-fe18-40fc-9842-4676963ab465,KXGDPYEAR-25-B2.3,796,2025-02-28T16:07:34.521988Z,16,84,no
887,a5fff6ef-1f74-4d5d-a886-019c2f5127ce,KXGDPYEAR-25-B2.3,1204,2025-02-28T16:07:25.606064Z,16,84,no
888,50aefe4d-c706-4a14-8bb5-c3e2ddf9dcce,KXGDPYEAR-25-B2.3,40,2025-02-28T16:07:25.606064Z,18,82,no
889,1a4f7ca7-d127-4b6c-a6d0-4bd986803e6d,KXGDPYEAR-25-B2.3,6,2025-02-28T16:07:25.606064Z,17,83,no
890,fbdbf134-e849-4224-b475-0d1e46f0d0d3,KXGDPYEAR-25-B2.3,803,2025-02-28T05:44:13.710985Z,19,81,yes
891,1aa77dcb-e3c1-4739-af4d-46ad2f74a31a,KXGDPYEAR-25-B2.3,197,2025-02-28T05:44:13.710985Z,19,81,yes
892,6cbe7aeb-204f-4442-9bdf-105ca7fff3c0,KXGDPYEAR-25-B2.3,1,2025-02-28T04:48:39.690906Z,19,81,yes
893,aa0f447b-9bc1-455f-9242-121517301b9c,KXGDPYEAR-25-B2.3,2,2025-02-28T04:47:42.423024Z,19,81,yes
894,ed9f4a79-4724-49e4-8244-ac2155888370,KXGDPYEAR-25-B2.3,20,2025-02-22T23:47:12.978053Z,19,81,yes
895,d46c82a9-26d6-429d-98e1-12336c21d69b,KXGDPYEAR-25-B2.3,49,2025-02-22T17:42:28.380401Z,19,81,yes
896,cd3fe5e8-502e-4169-8ca8-380f59ff15f9,KXGDPYEAR-25-B2.3,328,2025-02-22T06:32:17.505023Z,19,81,yes
897,f00b385f-b3ff-4d51-a5d6-1f9835157c4a,KXGDPYEAR-25-B2.3,1,2025-02-22T02:25:06.507742Z,19,81,yes
898,88ad7702-5322-4cfd-a9e4-6d6c54b7f367,KXGDPYEAR-25-B2.3,1,2025-02-20T23:20:46.198559Z,18,82,yes
899,493474c2-e6d6-43e0-ad2e-441360cfe4ee,KXGDPYEAR-25-B2.3,1,2025-02-20T19:17:52.348852Z,18,82,yes
900,6b25bf1c-bec6-4783-8515-3329362aa9aa,KXGDPYEAR-25-B2.3,23,2025-02-18T20:46:16.91836Z,20,80,yes
901,bffd6392-12f8-4772-b9a5-e48bb1d7fffe,KXGDPYEAR-25-B2.3,26,2025-02-10T19:56:50.024916Z,15,85,no
902,84967c8c-d35c-48e5-ba8f-7b65bb33a5b0,KXGDPYEAR-25-B2.3,52,2025-02-10T03:16:44.833737Z,15,85,no
903,a867991c-e9b7-417b-8cb0-6d47088110c5,KXGDPYEAR-25-B2.3,50,2025-02-05T15:32:25.663505Z,16,84,yes
904,c3034232-c98f-410c-9634-1bb57792ff06,KXGDPYEAR-25-B2.3,2,2025-02-03T22:40:04.59104Z,15,85,no
905,2a4aaf38-e1f9-4852-8f02-fe34419aa45a,KXGDPYEAR-25-B2.3,50,2025-02-02T21:24:46.698462Z,16,84,yes
906,f214305e-7245-405b-908e-2ebdae8a9c04,KXGDPYEAR-25-B2.3,48,2025-02-02T04:00:23.090016Z,17,83,yes
907,7614f0c6-c44f-461d-b016-3725b15698ee,KXGDPYEAR-25-B2.3,100,2025-02-02T04:00:23.090016Z,17,83,yes
908,761c4b3e-e2fb-4fb0-8f7a-278477caf3fe,KXGDPYEAR-25-B2.3,2,2025-01-31T16:51:07.642163Z,17,83,yes
909,874829f3-efb6-4046-944e-529404089c6a,KXGDPYEAR-25-B2.3,2,2025-01-31T03:38:03.620894Z,18,82,yes
910,c7ca5f43-f99a-4d83-be3e-cb5a69bb28b1,KXGDPYEAR-25-B2.3,3123,2025-01-31T01:29:22.14022Z,18,82,yes
911,c4586c16-9855-4fef-b84d-3271f7b7fe8b,KXGDPYEAR-25-B2.3,2,2025-01-30T03:52:57.28566Z,16,84,no
912,7d4c6b6b-f43d-4110-b34e-f0f12eab37a1,KXGDPYEAR-25-B2.3,26,2025-01-25T01:00:53.314036Z,18,82,yes
913,c7124e71-f8c4-4652-821c-9dfc797a4d92,KXGDPYEAR-25-B2.3,52,2025-01-24T19:45:34.158447Z,18,82,yes
914,0c6b6b29-3ff7-4f6d-b3f5-5a914d9b933f,KXGDPYEAR-25-B2.3,123,2025-01-24T16:05:05.593951Z,18,82,yes
915,1427f105-f786-492d-9d32-65f791cd79c5,KXGDPYEAR-25-B2.3,16,2025-01-18T21:58:16.185151Z,17,83,yes
916,3d31ae03-600a-4362-87a5-9bc39c01bc67,KXGDPYEAR-25-B2.3,49,2025-01-18T05:52:28.534987Z,14,86,no
917,f332c1f4-7881-471b-a3a1-337d58d81ce6,KXGDPYEAR-25-B2.3,111,2025-01-17T06:46:55.024186Z,17,83,yes
918,54ecb151-0e32-4cf1-84c0-ff14564de1db,KXGDPYEAR-25-B2.3,174,2025-01-15T21:21:54.501457Z,17,83,yes
919,2bb2b546-fd1f-437f-a99f-8ebaee82e3dc,KXGDPYEAR-25-B2.3,5,2025-01-14T00:22:06.577795Z,17,83,yes
920,86d34b50-4416-4b39-b03e-fa7976c63def,KXGDPYEAR-25-B2.3,57,2025-01-12T05:29:51.685719Z,17,83,yes
921,26a848bc-e0c6-41f7-b8d7-66312d14688c,KXGDPYEAR-25-B2.3,1,2025-01-10T21:27:31.805659Z,17,83,no
922,058454ca-bb16-45ce-a35b-240b44aa5464,KXGDPYEAR-25-B2.3,99,2025-01-08T23:24:22.95136Z,19,81,yes
923,07e44fa4-5d34-4037-9e24-7d95a2e6d239,KXGDPYEAR-25-B2.3,498,2025-01-08T05:04:25.215782Z,19,81,yes
924,e4c0966c-c7ea-4db3-9f06-bf010e354bbe,KXGDPYEAR-25-B2.3,49,2025-01-06T19:52:37.785529Z,19,81,yes
925,ff36cd26-7b45-4518-b061-d6ebb3460c87,KXGDPYEAR-25-B2.3,50,2025-01-05T20:30:31.43857Z,18,82,yes
926,eb5f7638-da24-4d60-9fdf-e876f70734bf,KXGDPYEAR-25-B2.3,2,2025-01-05T20:30:31.43857Z,19,81,yes
927,ee7530ec-4fc5-4694-993e-001985a3a853,KXGDPYEAR-25-B2.3,50,2025-01-02T13:47:13.93555Z,17,83,yes
928,f46c5977-db1b-41af-a9bf-d6f8a7e6651b,KXGDPYEAR-25-B2.3,1300,2025-01-01T20:08:08.747363Z,17,83,yes
929,e5a73d60-d51f-4e88-8030-a638a873c7d1,KXGDPYEAR-25-B2.3,100,2025-01-01T20:08:08.747363Z,17,83,yes
930,8374bc2d-46af-487e-9336-767f7f6478ca,KXGDPYEAR-25-B2.3,57,2025-01-01T19:49:32.317956Z,15,85,yes
931,b0a865fc-8adf-4c5a-a464-0825568332a5,KXGDPYEAR-25-B2.3,100,2025-01-01T19:47:01.255255Z,16,84,no
932,f913b89d-557f-4e7b-ade7-767e2760755f,KXGDPYEAR-25-B2.3,1100,2025-01-01T19:46:55.094224Z,15,85,yes
933,c463cc26-f028-4b25-a0b1-599b44a28bd1,KXGDPYEAR-25-B2.3,1100,2025-01-01T19:46:55.094224Z,16,84,yes
934,97efc0ae-ac23-46df-ad50-48399db97413,KXGDPYEAR-25-B2.3,1,2025-01-01T19:46:55.094224Z,16,84,yes
935,569a830c-9181-4efc-b668-459e77c40772,KXGDPYEAR-25-B2.3,399,2025-01-01T19:46:55.094224Z,16,84,yes
936,ae18dd55-3f7c-4bfc-8aa0-503b8b48e638,KXGDPYEAR-25-B2.3,1,2024-12-31T17:22:01.181525Z,20,80,no
937,bb928fc5-f412-42ae-99f4-a16b0313114c,KXGDPYEAR-25-B2.3,10,2024-12-29T18:47:12.262184Z,25,75,yes
938,dc41e664-afa2-450a-9f08-b30ee3666810,KXGDPYEAR-25-B2.3,1,2024-12-22T05:51:30.549143Z,23,77,no
939,b4a692f0-4bd0-4c9f-8ef7-108308f0d071,KXGDPYEAR-25-B2.3,1,2024-12-22T05:51:30.549143Z,22,78,no
940,ac011783-b8f4-413b-bdd5-ed17f6a0e927,KXGDPYEAR-25-B2.3,1,2024-12-22T05:51:30.549143Z,22,78,no
941,aab713c6-1984-4bdf-a2a9-d119326e4cb9,KXGDPYEAR-25-B2.3,119,2024-12-22T05:51:30.549143Z,20,80,no
942,11c55c3c-8f19-432e-8508-474f64c2fec5,KXGDPYEAR-25-B2.3,1,2024-12-22T05:51:30.549143Z,21,79,no
943,3ad269f0-6d96-4719-9460-eec5b2f93a0a,KXGDPYEAR-25-B2.3,3,2024-12-21T19:59:35.277892Z,23,77,no
944,8e153818-7122-4f65-8d86-9d855b9e32c4,KXGDPYEAR-25-B2.8,3668,2025-07-17T12:36:06.841052Z,4,96,no
945,364af8a0-3d93-4844-a6a2-41820690c662,KXGDPYEAR-25-B2.8,250,2025-07-17T12:36:06.841052Z,4,96,no
946,35c0bf62-577a-4c6c-8f1b-d6e07cd21b3a,KXGDPYEAR-25-B2.8,3592,2025-07-16T20:33:05.483575Z,5,95,no
947,2c1d4194-bddd-46be-996c-0441478cb8e5,KXGDPYEAR-25-B2.8,2800,2025-07-16T19:40:11.032921Z,6,94,no
948,362079a0-ad93-49b8-a828-0749c586547c,KXGDPYEAR-25-B2.8,25,2025-07-16T00:29:21.301744Z,5,95,no
949,c58fef74-1c7e-4878-b9a8-5003b06ad09a,KXGDPYEAR-25-B2.8,10,2025-07-14T20:15:22.031617Z,9,91,yes
950,de9104a4-6b39-4af1-b4a8-0083f711cc69,KXGDPYEAR-25-B2.8,208,2025-07-10T00:50:58.239496Z,9,91,yes
951,f7adf10d-5d8e-4f12-82f5-ca23fcaea3f3,KXGDPYEAR-25-B2.8,32,2025-07-05T03:27:50.336876Z,8,92,yes
952,afec995d-fd0c-4697-a740-860329ec9686,KXGDPYEAR-25-B2.8,75,2025-07-05T03:27:50.336876Z,9,91,yes
953,f7bbf4a0-be36-4d6c-b382-3cea3454ba2d,KXGDPYEAR-25-B2.8,18,2025-07-02T23:04:31.681452Z,5,95,no
954,ae8724d1-e16b-40f7-8e58-01c068b204ea,KXGDPYEAR-25-B2.8,1558,2025-07-02T23:04:31.681452Z,5,95,no
955,9af196f5-92ba-4c68-986b-8666c0573f4f,KXGDPYEAR-25-B2.8,6,2025-07-02T23:04:31.681452Z,5,95,no
956,58ff66f1-b5c6-4748-8893-95fb8ba18b28,KXGDPYEAR-25-B2.8,15,2025-07-01T16:59:35.34478Z,5,95,no
957,41a196fe-aba0-4870-ab55-e2218224db32,KXGDPYEAR-25-B2.8,20,2025-06-27T17:30:27.126887Z,6,94,no
958,6dc24cf6-8072-4f66-8164-df81ba832977,KXGDPYEAR-25-B2.8,2575,2025-06-27T13:07:42.281658Z,6,94,no
959,4915a922-ae37-496c-a77a-da3818c4e0f9,KXGDPYEAR-25-B2.8,24,2025-06-27T13:07:42.281658Z,6,94,no
960,47fd0a89-c412-4587-bcfa-346107ec0473,KXGDPYEAR-25-B2.8,20,2025-06-27T13:07:26.017399Z,7,93,no
961,1b0e8bed-1476-4ecc-bd99-d487d43248de,KXGDPYEAR-25-B2.8,32,2025-06-27T13:07:26.017399Z,7,93,no
962,f97e1976-bd83-454e-8953-b92ec4e0c2ae,KXGDPYEAR-25-B2.8,2913,2025-06-27T12:34:17.563834Z,7,93,no
963,efd5d9cf-e478-426f-a7e9-0d4fc78160d2,KXGDPYEAR-25-B2.8,5,2025-06-27T12:34:17.563834Z,7,93,no
964,8e1525cf-f514-44e7-8458-088ebf9a20fe,KXGDPYEAR-25-B2.8,20,2025-06-27T12:34:17.563834Z,8,92,no
965,49ac6012-9c35-46bc-84f8-2c14e79c15ff,KXGDPYEAR-25-B2.8,1943,2025-06-27T12:34:17.563834Z,7,93,no
966,0fcacfa9-7fb5-4a63-9826-518544e240ab,KXGDPYEAR-25-B2.8,682,2025-06-26T12:59:36.734251Z,8,92,no
967,cd2a02c6-a632-45d3-8055-cb4f8de23b69,KXGDPYEAR-25-B2.8,200,2025-06-25T23:15:32.74075Z,10,90,yes
968,89a03b71-442d-45f6-a3ad-fa96bb01cc93,KXGDPYEAR-25-B2.8,150,2025-06-25T23:15:32.74075Z,11,89,yes
969,46ea1f4c-afda-4c34-a308-107183e63384,KXGDPYEAR-25-B2.8,20,2025-06-25T23:15:32.74075Z,10,90,yes
970,1adc4dc6-0246-4e16-9eb5-7606eb2c66b7,KXGDPYEAR-25-B2.8,10,2025-06-21T06:23:30.972332Z,8,92,no
971,92d7f475-c0ed-4057-bbfa-9cf1715a205c,KXGDPYEAR-25-B2.8,20,2025-06-11T21:19:12.25049Z,6,94,no
972,6c67cc9e-06d2-4399-a358-68c7f3dd3019,KXGDPYEAR-25-B2.8,226,2025-06-11T21:19:12.25049Z,5,95,no
973,04cc6867-79a2-4573-bf29-69eda914226d,KXGDPYEAR-25-B2.8,4,2025-06-11T21:19:12.25049Z,6,94,no
974,d7aa8aac-fd02-4ff6-bb73-495cd92214fc,KXGDPYEAR-25-B2.8,530,2025-05-30T19:42:10.262423Z,10,90,yes
975,ac3165e8-883a-4d51-b995-e1a78ea76421,KXGDPYEAR-25-B2.8,163,2025-05-30T19:42:10.262423Z,10,90,yes
976,574ce054-a2bf-4347-851d-9fe1a1c786c1,KXGDPYEAR-25-B2.8,275,2025-05-30T19:42:10.262423Z,9,91,yes
977,c9b78ce7-a35b-457c-8a28-26848ba9547b,KXGDPYEAR-25-B2.8,2611,2025-05-30T19:41:23.232376Z,9,91,yes
978,12ad9827-dfaa-44b1-a909-b4effcc53f98,KXGDPYEAR-25-B2.8,10,2025-05-30T19:14:17.913389Z,9,91,yes
979,53091f3e-00d2-4a1b-86a2-8f4f1288c394,KXGDPYEAR-25-B2.8,104,2025-05-30T02:18:19.031582Z,9,91,yes
980,6e64dbbb-5ce0-4599-bb47-5a73c89a5cf5,KXGDPYEAR-25-B2.8,250,2025-05-27T15:34:13.928423Z,10,90,yes
981,8d4c9fd8-01ce-4b5a-b798-902b2b613c7b,KXGDPYEAR-25-B2.8,28,2025-05-24T23:38:45.682397Z,10,90,yes
982,d7f7c5f7-8d99-4fb3-8d24-69625e60e10c,KXGDPYEAR-25-B2.8,794,2025-05-23T15:37:02.644116Z,9,91,yes
983,d35192da-9d44-45e7-b7c6-b4c2bc849fc1,KXGDPYEAR-25-B2.8,4,2025-05-23T15:37:02.644116Z,9,91,yes
984,2b63b1e2-11df-45db-a17c-e61c5ef3545e,KXGDPYEAR-25-B2.8,3,2025-05-23T15:37:02.644116Z,9,91,yes
985,d064831e-4d3b-4420-8779-b7c2e310d7e7,KXGDPYEAR-25-B2.8,6,2025-05-18T15:47:02.228065Z,9,91,yes
986,2ef2fd9b-6355-4651-8f28-faecf12bc623,KXGDPYEAR-25-B2.8,25,2025-05-18T15:47:02.228065Z,9,91,yes
987,f911b5aa-dd6c-407a-83c3-9b863c4ed863,KXGDPYEAR-25-B2.8,3,2025-05-18T03:20:44.722584Z,9,91,yes
988,683c319b-b1b1-43c3-a709-870cd5d4199d,KXGDPYEAR-25-B2.8,52,2025-05-16T13:56:58.74045Z,9,91,yes
989,f933e63d-c2aa-4c44-93bf-4d4d1198737c,KXGDPYEAR-25-B2.8,28,2025-05-16T02:05:56.21207Z,9,91,yes
990,ed54c8e9-0131-495c-8fdc-c274ad5e46bc,KXGDPYEAR-25-B2.8,213,2025-05-16T02:05:56.21207Z,10,90,yes
991,d0e1afc7-bac1-4541-8a9f-757f959a602f,KXGDPYEAR-25-B2.8,19,2025-05-16T02:05:56.21207Z,8,92,yes
992,a7ce39f4-8e45-40dd-a692-0a7f4f577725,KXGDPYEAR-25-B2.8,18,2025-05-16T02:05:56.21207Z,8,92,yes
993,7406599e-c8b8-41c5-9eea-fa028993cb85,KXGDPYEAR-25-B2.8,89,2025-05-16T02:05:56.21207Z,9,91,yes
994,314bef3a-9553-4906-be09-86eb9f52cbe4,KXGDPYEAR-25-B2.8,39,2025-05-16T02:05:56.21207Z,8,92,yes
995,26b5a638-b793-42c2-b65e-55906e22ac33,KXGDPYEAR-25-B2.8,100,2025-05-16T02:05:56.21207Z,10,90,yes
996,a4840164-fb3b-4ff7-b3ef-9d2293d93aa7,KXGDPYEAR-25-B2.8,3,2025-05-15T14:03:31.917984Z,8,92,yes
997,9c620ae4-17da-4fc5-9eff-06827f4e9ef3,KXGDPYEAR-25-B2.8,185,2025-05-15T14:03:31.917984Z,9,91,yes
998,ca4550a7-d720-439c-921f-3c3961571e86,KXGDPYEAR-25-B2.8,1762,2025-05-15T12:31:51.297458Z,8,92,no
999,37667158-ca8c-4dde-8066-52fd7e05e89e,KXGDPYEAR-25-B2.8,56,2025-05-15T12:31:51.297458Z,8,92,no
1000,bb5f352d-ed6a-40f3-81b0-8a91882caf4e,KXGDPYEAR-25-B2.8,208,2025-05-15T03:18:51.942402Z,9,91,yes
1001,00fd72db-154b-4a9f-bf8c-bb38ef934975,KXGDPYEAR-25-B2.8,15,2025-05-15T01:06:57.805678Z,9,91,yes
1002,1ba9c803-67b7-495e-b1e1-65027b2a8a17,KXGDPYEAR-25-B2.8,20,2025-05-14T22:01:53.812195Z,9,91,yes
1003,37bd2139-18ee-4e5f-ae40-38fba5414f07,KXGDPYEAR-25-B2.8,50,2025-05-14T20:58:49.132681Z,9,91,yes
