,trade_id,ticker,count,created_time,yes_price,no_price,taker_side
0,9084c3c9-c5f1-4f44-a548-4957c983d78f,KXACPI-2025-0.6,500,2025-04-20T02:07:34.537267Z,1,99,yes
1,8cee7f6d-0ecd-4276-bcf7-64ed537dead9,KXACPI-2025-0.6,500,2025-04-20T02:07:34.537267Z,1,99,yes
2,474e5464-61d8-4aa3-9af3-99bf4e2919b7,KXACPI-2025-0.6,400,2025-04-20T02:07:34.537267Z,1,99,yes
3,300a8d98-af83-4883-87ba-ab0635c446f0,KXACPI-2025-0.6,100,2025-04-20T02:07:34.537267Z,1,99,yes
4,113766c0-001a-44f8-933b-20bc4eaa9cfa,KXACPI-2025-0.6,99,2025-03-31T16:21:41.150077Z,2,98,yes
5,7e3dda24-5e9b-41b6-af33-ab38be72659e,KXACPI-2025-0.6,10,2025-03-12T22:10:50.059845Z,2,98,yes
6,1cf7511c-b568-49af-815a-8983f3223131,KXACPI-2025-0.6,290,2025-03-11T23:18:53.061603Z,1,99,no
7,86a5d85e-e92b-4a70-9112-5a93f58d0b5d,KXACPI-2025-0.6,1,2025-03-05T19:23:36.378898Z,1,99,no
8,5dcd7fce-0047-4dcc-94b6-4403b6b86715,KXACPI-2025-0.6,50,2025-02-21T19:13:05.031041Z,2,98,yes
9,189d4595-492c-4305-862d-03596d93d46b,KXACPI-2025-0.6,250,2025-02-15T15:36:01.727671Z,2,98,yes
10,069fc6da-d1b7-41ce-8214-b6a94b0fe300,KXACPI-2025-0.6,300,2025-02-15T15:36:01.727671Z,2,98,yes
11,ccaedbb2-ea0c-47c2-96f8-80b0325aa5fb,KXACPI-2025-0.6,50,2024-12-30T00:10:34.815598Z,6,94,yes
12,1c14ae33-791f-4fda-9a4d-763073abedcb,KXACPI-2025-0.8,74,2025-03-31T16:21:55.122701Z,3,97,yes
13,aac49d5c-5b62-4d2f-aa72-799eca287ef6,KXACPI-2025-0.8,20,2025-03-17T14:01:56.651706Z,3,97,yes
14,68cf8c63-663e-441e-9e9a-a3557ad55ca6,KXACPI-2025-0.8,135,2025-03-17T14:01:56.651706Z,3,97,yes
15,dd237d7c-61b5-4c38-8d49-681cd600044d,KXACPI-2025-0.8,10,2025-03-10T22:11:42.987852Z,4,96,yes
16,1bd51fb6-d6ef-4d42-9f1b-8b8fd98127b5,KXACPI-2025-0.8,500,2025-03-10T22:11:42.987852Z,4,96,yes
17,e2363358-5950-4e8e-95fd-93938f3fd3f1,KXACPI-2025-0.8,499,2025-03-10T22:11:19.118292Z,3,97,yes
18,db81b137-9fe1-4210-9db5-b65c081a25e3,KXACPI-2025-0.8,500,2025-03-10T22:11:19.118292Z,3,97,yes
19,ee94d8a6-02d5-4362-a817-ae196f526449,KXACPI-2025-0.8,100,2025-03-09T20:45:06.74295Z,2,98,yes
20,63e1866a-1758-4a2c-b8d1-6d181e6934e4,KXACPI-2025-0.8,600,2025-03-09T20:45:06.74295Z,2,98,yes
21,a7a7c041-b876-4b73-ae76-751932e10e4f,KXACPI-2025-0.8,100,2025-02-07T20:57:15.740649Z,2,98,yes
22,523b5dec-8456-46e4-9e8d-6d818e938e65,KXACPI-2025-0.8,25,2025-02-07T20:57:15.740649Z,3,97,yes
23,0bc82b9b-1153-4222-b2dd-3a35cddb9cbd,KXACPI-2025-0.8,1,2025-02-07T20:57:15.740649Z,3,97,yes
24,cc7139ad-c304-4b82-823f-a2bd6cfecbe0,KXACPI-2025-0.8,100,2025-01-22T15:28:19.876601Z,3,97,yes
25,e8d81e0a-6f81-479e-82b9-83714b414fb8,KXACPI-2025-0.8,20,2025-01-08T15:56:02.945539Z,2,98,no
26,b9bca16e-fc1c-4c0d-b804-33091acdd2fc,KXACPI-2025-1.3,80,2025-06-04T22:25:50.82373Z,3,97,no
27,c02e9fc1-3a69-40c0-9400-fe20a2afe956,KXACPI-2025-1.3,370,2025-06-04T22:24:26.188963Z,3,97,no
28,a1274cc6-6ab9-4d7a-b069-9af6882c597b,KXACPI-2025-1.3,500,2025-04-03T17:40:46.22724Z,3,97,no
29,fa5d2b1a-f68b-4f6d-b32b-4fbe87f57749,KXACPI-2025-1.3,100,2025-03-09T20:44:42.717387Z,4,96,yes
30,e20bdd2f-8f10-4a62-9ffd-673b127c4cf5,KXACPI-2025-1.3,463,2025-03-04T13:05:19.912638Z,3,97,no
31,12f2b3b5-708c-422c-abed-3949a470b204,KXACPI-2025-1.3,100,2025-02-21T19:13:06.520183Z,4,96,yes
32,cf443991-16ce-4eb2-91c4-bc99b02ba6cc,KXACPI-2025-1.3,10,2025-01-15T07:16:18.065483Z,4,96,yes
33,048dcd2f-74fc-44d2-bd21-dd65ce4343e4,KXACPI-2025-1.3,10,2025-01-15T07:16:18.065483Z,4,96,yes
34,d78da82a-a5f0-44d2-8497-a2ec7883f1fa,KXACPI-2025-1.3,10,2025-01-08T15:55:18.894125Z,4,96,no
35,f6891ffd-50db-4276-bd28-dd6c3085f116,KXACPI-2025-1.8,300,2025-07-03T22:32:49.61389Z,7,93,yes
36,e672f663-db34-4c00-9338-4bd65a71df33,KXACPI-2025-1.8,4,2025-06-11T19:24:01.576497Z,6,94,yes
37,d3d112e7-dc24-4e3f-bd64-1153976a439c,KXACPI-2025-1.8,45,2025-05-09T05:56:00.853653Z,6,94,yes
38,a7ec3fb4-6a4f-4f67-b898-735ab6e187f0,KXACPI-2025-1.8,1955,2025-05-09T05:56:00.853653Z,7,93,yes
39,1290ec63-b253-42ca-922d-c835d460eb1b,KXACPI-2025-1.8,500,2025-05-09T05:56:00.853653Z,6,94,yes
40,8f958b21-5ae6-404b-8947-177c23b5eca3,KXACPI-2025-1.8,89,2025-04-06T01:14:11.666891Z,3,97,no
41,1a491fc9-6793-435f-aa4b-5f7ef21deb64,KXACPI-2025-1.8,1,2025-04-06T01:14:11.666891Z,3,97,no
42,78a737f6-5472-44ce-90e7-fdc9d4af3bf5,KXACPI-2025-1.8,9,2025-04-05T02:42:31.242139Z,4,96,no
43,49c97267-a73e-4a69-ab2d-a8dc3e66fcc6,KXACPI-2025-1.8,1,2025-04-05T02:42:31.242139Z,4,96,no
44,db46d107-c638-4be5-add4-507f1cf0f3ae,KXACPI-2025-1.8,999,2025-04-03T14:19:31.893499Z,4,96,no
45,9d1dd1c5-fcfb-41ae-adc4-88c31071f687,KXACPI-2025-1.8,1,2025-04-03T14:19:31.893499Z,4,96,no
46,95761edc-319f-4f4c-ab1d-e6f4a56e992b,KXACPI-2025-1.8,55,2025-03-31T16:22:22.886235Z,8,92,yes
47,ad567ed1-a5fd-450f-97ec-a8f62068611f,KXACPI-2025-1.8,7,2025-03-20T03:41:42.155027Z,7,93,no
48,7ddca17b-6241-44a0-bc64-d230e4f7ef59,KXACPI-2025-1.8,1,2025-02-25T00:27:42.802461Z,10,90,yes
49,f38bb283-7e96-4521-b1a3-d937a9ae3a9c,KXACPI-2025-1.8,9,2025-02-19T02:10:25.653329Z,10,90,yes
50,e429caac-c87e-4a82-bc1c-24931b7958b7,KXACPI-2025-1.8,500,2025-02-15T03:18:46.071486Z,9,91,yes
51,68e635e7-20de-47bb-aad7-db53d70f34d6,KXACPI-2025-1.8,100,2025-01-21T01:41:37.282426Z,9,91,yes
52,57acfbab-17ae-4e31-8788-e2d3b886cb22,KXACPI-2025-1.8,10,2025-01-15T07:16:07.930489Z,9,91,yes
53,0e8f2532-ab6b-41dc-b66f-680e3ca21feb,KXACPI-2025-1.8,20,2025-01-08T15:56:29.665882Z,9,91,no
54,464e35b8-ffff-480b-ac70-1b6d97dff9e9,KXACPI-2025-1.8,10,2025-01-08T15:54:49.490496Z,10,90,no
55,f93cde66-4397-4b15-a334-1a4e68e0c1aa,KXACPI-2025-1.8,1300,2025-01-02T18:00:16.418002Z,11,89,yes
56,7a1d01cd-0357-427a-b5d4-8eae88e272b2,KXACPI-2025-1.8,1,2024-12-23T07:48:13.481103Z,6,94,no
57,281007d3-1ac1-497f-ad42-9df3303ea3e4,KXACPI-2025-2.3,38,2025-07-16T00:28:19.2349Z,14,86,no
58,85f93351-f11b-488a-a6b9-fe95b23fe0d9,KXACPI-2025-2.3,1250,2025-07-10T18:36:50.167408Z,17,83,yes
59,38af361c-a709-4504-9a8b-760cb7bb86f7,KXACPI-2025-2.3,13,2025-07-04T15:06:55.865229Z,13,87,no
60,e0c42ebf-ae5f-4a79-9487-c1ebdf151690,KXACPI-2025-2.3,1,2025-07-03T22:32:49.794348Z,12,88,yes
61,2f09c518-b857-4394-b454-f5f31bc41a1a,KXACPI-2025-2.3,257,2025-07-03T22:32:49.794348Z,13,87,yes
62,0f2549fb-d788-43c2-96e1-cbb2273dd0a3,KXACPI-2025-2.3,1,2025-07-01T06:36:40.469261Z,8,92,no
63,dbfe2b43-08ec-4797-9581-28c8d4feb67c,KXACPI-2025-2.3,33,2025-06-30T20:47:15.921132Z,8,92,no
64,d56a6321-05a3-442e-9fb7-122eefbd7646,KXACPI-2025-2.3,20,2025-06-30T20:47:15.921132Z,7,93,no
65,cb33a231-5bb2-48ed-b78c-07737d83c1c0,KXACPI-2025-2.3,167,2025-06-30T20:47:15.921132Z,6,94,no
66,0f64720b-53c7-4142-b8b0-6bb750dbbd1b,KXACPI-2025-2.3,411,2025-06-30T20:47:15.921132Z,8,92,no
67,b18869df-2d32-44bc-b199-f2b6f07885f2,KXACPI-2025-2.3,43,2025-06-20T02:10:06.633615Z,13,87,yes
68,3645d3ce-9ef0-4c73-9df9-debfd3f8e928,KXACPI-2025-2.3,7,2025-06-20T02:10:06.633615Z,12,88,yes
69,e4b941c6-919e-4b5e-a7b2-120bbb427794,KXACPI-2025-2.3,423,2025-06-11T14:25:50.584265Z,8,92,no
70,3923ad63-b275-407d-8f40-31d0d92a0853,KXACPI-2025-2.3,4,2025-06-11T14:25:50.584265Z,9,91,no
71,cebe9b72-a7e5-423a-b0b5-e3dfce152716,KXACPI-2025-2.3,100,2025-06-10T23:31:23.381373Z,14,86,yes
72,91c97398-c676-40f0-9424-3a16679554a2,KXACPI-2025-2.3,243,2025-06-10T23:31:23.381373Z,15,85,yes
73,583428e7-5b80-41dd-90d8-df333b23cfbd,KXACPI-2025-2.3,124,2025-06-10T23:31:23.381373Z,15,85,yes
74,4aba4348-fa88-47dd-9837-fd501cd9089d,KXACPI-2025-2.3,34,2025-06-10T23:31:23.381373Z,15,85,yes
75,17465edc-773f-4f3e-87f2-311468d12a10,KXACPI-2025-2.3,130,2025-06-10T23:31:23.381373Z,14,86,yes
76,3c925c9f-d3e3-444a-8344-17ea2078c3bf,KXACPI-2025-2.3,73,2025-06-07T12:01:40.550084Z,11,89,yes
77,86ff481a-f08b-49d3-9d28-105ea3bae389,KXACPI-2025-2.3,427,2025-05-23T15:40:16.512315Z,11,89,yes
78,d9e7cf08-cf61-43f8-b6c7-b6fd8acacb56,KXACPI-2025-2.3,527,2025-05-23T13:52:31.545838Z,8,92,no
79,af17d78b-8e23-4517-b1b3-7bb791bd5843,KXACPI-2025-2.3,562,2025-05-23T13:52:31.545838Z,10,90,no
80,0de2397f-b0e0-4272-86f7-869200b979b8,KXACPI-2025-2.3,3,2025-05-23T13:52:31.545838Z,10,90,no
81,c330e0c6-0983-47a5-86c2-e2ba5e3f7dfe,KXACPI-2025-2.3,5,2025-05-23T13:51:52.244916Z,11,89,no
82,b836c98c-6bc5-42c4-b7cc-f48030562ffc,KXACPI-2025-2.3,100,2025-05-23T13:51:52.244916Z,10,90,no
83,a9e66497-f6ea-4d9d-8925-ec178c7842b4,KXACPI-2025-2.3,4,2025-05-23T13:51:52.244916Z,10,90,no
84,7883301d-248d-443f-9035-c424b82e1d84,KXACPI-2025-2.3,436,2025-05-23T13:51:52.244916Z,9,91,no
85,4cd279d8-256a-4eac-b0d2-dae8863872b2,KXACPI-2025-2.3,2,2025-05-23T13:51:52.244916Z,11,89,no
86,8f4f5193-f04c-4576-8640-92f0082f8f82,KXACPI-2025-2.3,50,2025-05-14T19:10:27.226085Z,10,90,no
87,55b20f6f-29fc-4a17-a9a4-41c21aa40d8f,KXACPI-2025-2.3,13,2025-05-12T20:54:38.603905Z,14,86,yes
88,e50b1959-10e8-4323-ace9-d241745a8dd9,KXACPI-2025-2.3,8,2025-05-02T15:44:51.987891Z,13,87,yes
89,d48e98e4-8472-4b88-af29-34ac596a25a5,KXACPI-2025-2.3,5,2025-05-02T15:44:51.987891Z,12,88,yes
90,52e95741-74da-4542-b973-b7f760a4dd3d,KXACPI-2025-2.3,5,2025-05-02T15:44:51.987891Z,13,87,yes
91,4c569969-06a3-45ec-afb8-c16460958088,KXACPI-2025-2.3,4,2025-05-02T15:44:51.987891Z,12,88,yes
92,48de95ad-91bf-4717-90f0-0edcb5474e75,KXACPI-2025-2.3,52,2025-05-02T15:44:51.987891Z,14,86,yes
93,1dd832a3-fa28-4c1a-bf4f-d138027839c4,KXACPI-2025-2.3,1,2025-04-24T20:06:28.568808Z,12,88,yes
94,db383a06-f8ce-4663-8e4f-afd904f89f14,KXACPI-2025-2.3,5,2025-04-19T15:53:02.820962Z,11,89,yes
95,92d6fcf2-4e70-4eff-81a2-6a8cdf1ca7ba,KXACPI-2025-2.3,1,2025-04-18T01:04:20.95371Z,10,90,no
96,9868d16e-66cd-453a-8233-1f319595cbb7,KXACPI-2025-2.3,2,2025-04-10T19:27:50.033827Z,13,87,yes
97,3b225612-617a-424d-94ca-b555a7878f0f,KXACPI-2025-2.3,4,2025-04-10T19:27:50.033827Z,14,86,yes
98,cb1047a5-e05c-473f-848e-509af96c44af,KXACPI-2025-2.3,3,2025-04-10T13:18:15.178351Z,13,87,yes
99,50c2f1d9-c820-4791-b8af-19ce82e9dfe1,KXACPI-2025-2.3,1,2025-04-09T01:26:41.174826Z,14,86,yes
100,c51c0e92-59a6-472a-ac75-6e7f5af0bb94,KXACPI-2025-2.3,25,2025-04-04T04:37:29.287658Z,12,88,yes
101,a006b211-5d20-42f7-8a13-f7855d61a61a,KXACPI-2025-2.3,581,2025-04-03T14:18:36.397788Z,12,88,no
102,81812816-5cd8-427c-8a52-9dacb4672d03,KXACPI-2025-2.3,54,2025-04-02T21:17:21.570438Z,14,86,no
103,7565cb97-eb18-4faf-be3c-ae93162d70f5,KXACPI-2025-2.3,271,2025-04-02T21:17:21.570438Z,13,87,no
104,458d48a4-6e60-4694-a077-941844ecee53,KXACPI-2025-2.3,5,2025-04-02T21:17:21.570438Z,14,86,no
105,ad9bb7ab-36e3-4dfb-b6dc-678d0099be12,KXACPI-2025-2.3,1,2025-04-02T18:40:48.572203Z,15,85,yes
106,e646e57c-416b-4019-ab80-5abd24b380df,KXACPI-2025-2.3,500,2025-03-31T21:32:54.643206Z,14,86,no
107,862f2a41-dc38-4d6e-bf8d-91e329791657,KXACPI-2025-2.3,200,2025-03-31T21:20:42.91045Z,14,86,no
108,0b6a4440-2dce-4b53-8e29-c8c557c93b86,KXACPI-2025-2.3,31,2025-03-31T16:22:12.154282Z,15,85,yes
109,a0b4d295-8788-42a5-8634-e19ecaf8434a,KXACPI-2025-2.3,500,2025-03-28T13:53:19.711073Z,14,86,no
110,05855e8b-a0e3-4cb6-9480-4269ccebff73,KXACPI-2025-2.3,25,2025-03-28T13:49:34.756949Z,15,85,no
111,8dabc288-82dc-41de-833b-56c39b80457d,KXACPI-2025-2.3,374,2025-03-16T20:21:41.937742Z,15,85,yes
112,8ce328e4-1dae-41ee-ba31-343fcc52e7ac,KXACPI-2025-2.3,75,2025-03-11T20:32:02.512798Z,15,85,no
113,2c68b2c2-3edf-418b-9e0c-eeb1ab6e527a,KXACPI-2025-2.3,1,2025-03-10T05:39:50.949554Z,17,83,no
114,9fcc1a7b-0f1b-4d67-aa8d-c52892b148e8,KXACPI-2025-2.3,1,2025-02-28T04:58:50.875761Z,18,82,yes
115,52e8e49a-2dfa-4a20-848c-d74eaa6337e5,KXACPI-2025-2.3,5,2025-02-28T02:07:30.234124Z,18,82,yes
116,345a7852-196e-4ae9-ab77-65285861be19,KXACPI-2025-2.3,2,2025-02-22T20:57:51.333007Z,16,84,no
117,c09d920a-a21e-4d3c-b7e8-af4892723d3c,KXACPI-2025-2.3,12,2025-02-22T16:06:41.296742Z,17,83,yes
118,6319cb96-dc6d-4e42-b2ec-55a8853f97e5,KXACPI-2025-2.3,3,2025-02-22T16:06:41.296742Z,17,83,yes
119,5e9e9c37-3936-4c41-9731-73fd1d70d77c,KXACPI-2025-2.3,39,2025-02-22T16:06:41.296742Z,17,83,yes
120,01926ec3-95fc-4d63-b09b-d04c99124fb5,KXACPI-2025-2.3,5,2025-02-19T02:10:50.490674Z,18,82,yes
121,d413e6bd-af55-49fe-a324-fcd99373743c,KXACPI-2025-2.3,1,2025-02-12T13:42:37.891675Z,15,85,no
122,b15e337b-a193-48f9-ab80-2a27bb9df454,KXACPI-2025-2.3,49,2025-02-11T17:58:22.692916Z,15,85,no
123,a427be1b-df6a-4aa4-bb5e-975d8136f217,KXACPI-2025-2.3,101,2025-02-11T17:58:22.692916Z,15,85,no
124,50c70140-0121-4b1b-9f93-dda41a22e813,KXACPI-2025-2.3,300,2025-02-11T17:58:22.692916Z,15,85,no
125,7b4910d8-402e-4890-a5a8-1eed15528b50,KXACPI-2025-2.3,5,2025-02-10T00:08:37.668744Z,15,85,no
126,34a4f0a6-5524-4b9a-b774-0c87fda65864,KXACPI-2025-2.3,100,2025-02-05T03:26:28.895212Z,18,82,yes
127,c172b313-2f9b-49fa-9ca6-3e928c6936a1,KXACPI-2025-2.3,50,2025-02-04T04:01:45.901428Z,18,82,yes
128,1f7b0a00-3082-4521-9203-9002736a0407,KXACPI-2025-2.3,750,2025-02-03T03:21:26.252604Z,17,83,no
129,18a798e4-7843-4b43-9dec-d29c3c2174ca,KXACPI-2025-2.3,26,2025-02-02T17:55:03.507361Z,18,82,yes
130,e25bb7ce-4b0f-4632-9e22-8ba7083b96e9,KXACPI-2025-2.3,88,2025-02-01T18:53:18.997989Z,19,81,yes
131,9bc0c77d-2506-4a6f-bd68-52d3ae6d61e9,KXACPI-2025-2.3,195,2025-02-01T18:53:18.997989Z,19,81,yes
132,91ecb6a0-0ebc-4a6c-afe1-dd358bc80dbe,KXACPI-2025-2.3,1,2025-02-01T18:53:18.997989Z,19,81,yes
133,125987f1-6a5b-4c6a-8a01-553a2e69d83b,KXACPI-2025-2.3,5,2025-02-01T18:53:18.997989Z,19,81,yes
134,067279f4-5eb4-4762-ab8c-2885d8332548,KXACPI-2025-2.3,100,2025-02-01T18:53:18.997989Z,19,81,yes
135,ebd3e962-4560-49b5-829f-c07021887eef,KXACPI-2025-2.3,1,2025-01-31T03:41:55.563463Z,19,81,yes
136,29274492-f686-49b9-9435-31667b62eda5,KXACPI-2025-2.3,111,2025-01-30T05:18:45.351963Z,19,81,yes
137,68469162-57bd-47e6-83be-daaa44d1273e,KXACPI-2025-2.3,49,2025-01-28T16:05:52.893667Z,19,81,yes
138,5c8a0b8a-4eed-44b1-b871-3a11e78e00b7,KXACPI-2025-2.3,1000,2025-01-28T02:49:27.348346Z,19,81,yes
139,d5217c75-f53c-45d1-924f-9f441040ea38,KXACPI-2025-2.3,49,2025-01-26T04:17:25.347001Z,19,81,yes
140,7158b602-c64a-4cf1-91a2-9253e73ed499,KXACPI-2025-2.3,50,2025-01-21T01:41:49.699689Z,19,81,yes
141,37f9018f-0b4d-4f20-be93-77b695b7a728,KXACPI-2025-2.3,49,2025-01-20T21:59:43.897994Z,19,81,yes
142,2b5a577a-1624-49a2-89f9-72b70122e817,KXACPI-2025-2.3,39,2025-01-18T18:13:18.426381Z,19,81,yes
143,4adceba7-f13b-4bdc-bab9-9a2595289eb7,KXACPI-2025-2.3,10,2025-01-18T17:50:18.083616Z,19,81,yes
144,5c4a7e85-a3fd-45cb-837a-48bbefaa44ee,KXACPI-2025-2.3,24,2025-01-17T23:39:47.310202Z,19,81,yes
145,e1a9f663-9363-4d78-be93-2ce209c1f5e7,KXACPI-2025-2.3,24,2025-01-17T03:12:11.771319Z,19,81,yes
146,51df3403-5605-4003-84c5-febe2109a23b,KXACPI-2025-2.3,11,2025-01-08T23:22:06.352978Z,18,82,yes
147,12f2c7bb-356f-4b4f-b30c-c8a02b35aeec,KXACPI-2025-2.3,89,2025-01-08T23:22:06.352978Z,19,81,yes
148,96c6d56a-cfca-40e5-a414-cd482b0d6c7e,KXACPI-2025-2.3,20,2025-01-08T15:55:41.422151Z,17,83,no
149,c3c28ea2-73af-46fc-a901-555251260acb,KXACPI-2025-2.3,9,2025-01-08T15:55:10.568443Z,18,82,no
150,edb74182-1825-4501-9c34-cd9a4ae29b17,KXACPI-2025-2.3,5,2025-01-07T23:15:32.667464Z,21,79,yes
151,813c5acb-900c-4347-960a-395d25596565,KXACPI-2025-2.3,1,2025-01-07T22:48:04.80899Z,18,82,no
152,ef62bb65-91ef-42fe-9f16-e9e0f3c52862,KXACPI-2025-2.3,11,2025-01-05T20:16:33.587553Z,17,83,no
153,ae7fa5a5-4dcf-41c7-a7d0-fb88998a6adb,KXACPI-2025-2.3,5,2024-12-30T21:13:44.385829Z,23,77,yes
154,f3e6d1fd-3611-48fa-908e-732f83de2be7,KXACPI-2025-2.3,19,2024-12-29T05:56:55.104468Z,18,82,no
155,c4d8efbc-e372-46d5-9757-a58f773f3d1a,KXACPI-2025-2.3,19,2024-12-25T20:09:38.685315Z,25,75,yes
156,dcd071a0-ed37-49d6-97c9-3009c99c95c2,KXACPI-2025-2.3,7,2024-12-22T14:08:31.619882Z,25,75,yes
157,0e8ff87b-5270-42be-939d-868169f88005,KXACPI-2025-2.8,215,2025-07-20T19:28:03.375235Z,22,78,yes
158,7ec71626-5b0b-43b8-b9fc-24143b9ef512,KXACPI-2025-2.8,21,2025-07-16T04:09:34.035978Z,22,78,yes
159,13503d22-0283-44a1-839c-6bac206c21e9,KXACPI-2025-2.8,4,2025-07-15T15:51:53.279099Z,22,78,yes
160,69d31943-c80f-4a78-a60c-ac3159ffd889,KXACPI-2025-2.8,215,2025-07-13T23:15:33.373215Z,22,78,yes
161,f5aedc41-8064-4581-aa8b-1f6068dca365,KXACPI-2025-2.8,8,2025-07-11T21:26:34.288874Z,22,78,yes
162,fc8bd5d0-63f8-4f2b-b5c9-c6f7efcd92fd,KXACPI-2025-2.8,125,2025-07-10T18:36:39.827429Z,19,81,no
163,eacd1546-e4fc-4d9e-8124-e8c02e42d7e7,KXACPI-2025-2.8,21,2025-07-03T21:20:54.450633Z,14,86,no
164,a8bde18e-e61a-4435-bc9f-35f24541e57c,KXACPI-2025-2.8,9,2025-07-01T21:03:47.020158Z,21,79,yes
165,d67f138f-0425-48cf-a5b3-9f61d7f42a42,KXACPI-2025-2.8,1,2025-07-01T15:11:34.13537Z,14,86,no
166,ef374344-2c66-486b-a3f9-d2ef75681491,KXACPI-2025-2.8,20,2025-07-01T00:23:04.11621Z,21,79,yes
167,d984d7bc-9458-4e06-a9bc-abc43eaf29f0,KXACPI-2025-2.8,2,2025-07-01T00:23:04.11621Z,22,78,yes
168,e5940f49-eb41-4a7a-bf81-71eefa615fdc,KXACPI-2025-2.8,4,2025-06-27T15:33:36.917968Z,21,79,yes
169,a8d7dc29-ff7f-4f7f-8e44-747ca38372b4,KXACPI-2025-2.8,76,2025-06-24T18:03:13.279776Z,22,78,yes
170,94ef566f-a8ec-44d3-a216-fae2fb7a198a,KXACPI-2025-2.8,10,2025-06-24T18:03:13.279776Z,21,79,yes
171,c521b40a-6fcd-4820-a2d3-41301da53fb2,KXACPI-2025-2.8,11,2025-06-24T15:26:29.087485Z,22,78,yes
172,3cec2337-2a0f-409a-ac63-36f8406ea734,KXACPI-2025-2.8,10,2025-06-24T15:26:29.087485Z,21,79,yes
173,2f0b2c62-1c5d-4f65-8232-f3989b282df2,KXACPI-2025-2.8,4,2025-06-22T18:37:01.992078Z,15,85,no
174,74524729-d0fc-4fe3-b68d-58a5dc3989a1,KXACPI-2025-2.8,13,2025-06-16T23:18:10.274655Z,18,82,no
175,6a5064e7-0c51-407c-96b7-1eb63e34e7c7,KXACPI-2025-2.8,16,2025-06-16T23:18:10.274655Z,14,86,no
176,cd9aa676-0687-4b46-b2f3-4abf0d40e6c0,KXACPI-2025-2.8,112,2025-06-12T22:37:42.949486Z,19,81,yes
177,bc441644-1406-46d6-ab81-48b096cd3571,KXACPI-2025-2.8,49,2025-06-12T20:26:30.309971Z,19,81,yes
178,ee173e14-a0d2-4d37-8f5d-3de0306de565,KXACPI-2025-2.8,10,2025-06-11T14:26:11.026916Z,19,81,yes
179,72597f45-26b4-4cc8-b5cf-72fd4706cf03,KXACPI-2025-2.8,139,2025-06-11T14:26:11.026916Z,19,81,yes
180,b513340e-436a-4d9f-a431-1f0caa14dc11,KXACPI-2025-2.8,4,2025-06-11T05:34:59.466478Z,19,81,yes
181,27ac2616-6da5-4bd3-810d-6fb79c16a203,KXACPI-2025-2.8,4,2025-06-05T02:16:17.213134Z,19,81,yes
182,3898beec-be8f-4a27-af9b-0a9d5b929992,KXACPI-2025-2.8,7,2025-05-23T20:07:29.218311Z,18,82,yes
183,15bc513f-097b-41a9-b58d-6b5b09aff716,KXACPI-2025-2.8,30,2025-05-23T20:07:29.218311Z,18,82,yes
184,d42e60c2-f936-4b2e-8533-c105f30aed94,KXACPI-2025-2.8,6,2025-05-23T15:52:56.252909Z,14,86,no
185,98328b98-7100-43b6-a350-1147d84ff45e,KXACPI-2025-2.8,4,2025-05-23T15:52:56.252909Z,13,87,no
186,15aa26ed-4015-4693-84fa-b09f84d7041a,KXACPI-2025-2.8,225,2025-05-23T15:52:56.252909Z,13,87,no
187,006de0d3-7173-4a68-9a91-aff6ef7d5823,KXACPI-2025-2.8,30,2025-05-23T15:52:56.252909Z,14,86,no
188,62b4397e-694a-4a36-ba3b-546ab5091885,KXACPI-2025-2.8,52,2025-05-23T15:40:42.235067Z,17,83,yes
189,4dcfd9d4-2687-4f98-873b-85cb12d073a8,KXACPI-2025-2.8,4,2025-05-23T15:40:42.235067Z,17,83,yes
190,44478c49-7268-464b-926f-fbe354d662ef,KXACPI-2025-2.8,209,2025-05-23T15:40:42.235067Z,18,82,yes
191,3ee520fd-1ab1-4250-91e0-e397105537bc,KXACPI-2025-2.8,1,2025-05-15T18:27:08.254565Z,17,83,yes
192,70078767-81bf-4cb2-a818-013beaca85e0,KXACPI-2025-2.8,55,2025-05-03T15:45:27.325638Z,17,83,yes
193,611c67d9-6727-475a-b37c-27a1d82ad755,KXACPI-2025-2.8,86,2025-05-02T13:54:42.092222Z,13,87,no
194,46f5505e-f6fe-4a0d-ae63-de2570ee3ff4,KXACPI-2025-2.8,1,2025-04-24T20:06:41.41299Z,17,83,yes
195,332ddef0-232c-4df3-a38c-dc596d278820,KXACPI-2025-2.8,5,2025-04-20T21:07:30.980508Z,17,83,yes
196,92042824-900c-4b62-9c08-17b043f3f541,KXACPI-2025-2.8,110,2025-04-18T18:44:10.519791Z,13,87,no
197,40387eb1-eb19-4725-8a09-e952be5a1f59,KXACPI-2025-2.8,1,2025-04-18T01:04:27.423311Z,15,85,no
198,38de0cf9-8c6b-4bbb-99c0-607f2909f362,KXACPI-2025-2.8,3,2025-04-10T13:19:14.269352Z,17,83,yes
199,4cdd6fd8-47ee-4976-9deb-b795bfec45c6,KXACPI-2025-2.8,138,2025-04-10T02:46:50.138166Z,17,83,yes
200,45735cb5-c705-4145-9908-a92edc59d99c,KXACPI-2025-2.8,1,2025-04-09T01:26:51.37027Z,17,83,yes
201,33c26284-38df-4bca-b4c4-13cfd32826a0,KXACPI-2025-2.8,240,2025-04-05T02:43:30.055675Z,16,84,yes
202,15b12ae7-b361-4d4d-9b03-24c9c88a9d7c,KXACPI-2025-2.8,28,2025-04-04T19:52:39.512281Z,16,84,yes
203,1733c222-c038-4ac3-9366-a0d89c1a721b,KXACPI-2025-2.8,22,2025-04-04T04:37:21.742897Z,16,84,yes
204,e2696575-4d5a-4ad1-b94e-1b212cbd40a9,KXACPI-2025-2.8,10,2025-04-03T19:52:23.706743Z,16,84,yes
205,690ec1d3-d6d2-42d3-b2e3-d71ad372483d,KXACPI-2025-2.8,22,2025-03-31T16:09:27.16325Z,20,80,yes
206,8d9c73bf-6eb4-453c-b3a6-c00f593a42e4,KXACPI-2025-2.8,22,2025-03-31T16:07:41.474905Z,20,80,yes
207,5935fe6f-1451-47f7-9a7a-edf93db6b30b,KXACPI-2025-2.8,4,2025-03-31T05:17:18.545623Z,20,80,yes
208,b760bdff-defc-4df9-9fde-516447402e76,KXACPI-2025-2.8,150,2025-03-30T03:51:07.720243Z,18,82,no
209,60ee23b2-a249-4739-87d8-6f9b7e3cf942,KXACPI-2025-2.8,450,2025-03-29T03:25:07.023755Z,18,82,no
210,b39aee82-3529-487a-887e-1f32083a58ce,KXACPI-2025-2.8,498,2025-03-28T13:13:42.648676Z,18,82,no
211,611fd416-6786-427f-aac0-dbb0a0600632,KXACPI-2025-2.8,6,2025-03-28T03:42:44.301053Z,18,82,no
212,13d4201b-6f50-462a-86f5-b08d17539bde,KXACPI-2025-2.8,96,2025-03-28T03:42:30.703648Z,18,82,no
213,bfdbf55f-e3d3-4534-876f-50d5c0c98665,KXACPI-2025-2.8,25,2025-03-28T03:39:54.753055Z,19,81,no
214,a91fd25b-e6d4-4f81-ad79-636a04c96b2c,KXACPI-2025-2.8,475,2025-03-28T03:39:54.753055Z,18,82,no
215,83b5f486-553e-4c6f-8f32-34730214418e,KXACPI-2025-2.8,100,2025-03-28T03:39:54.753055Z,18,82,no
216,608514f5-0bbc-4992-9458-125c62976aa3,KXACPI-2025-2.8,4,2025-03-20T03:22:17.225144Z,21,79,yes
217,48c075e4-ac9d-4db9-b8a8-037cc1d8056e,KXACPI-2025-2.8,1673,2025-03-20T03:22:17.225144Z,21,79,yes
218,f31b818d-f14f-4759-83ff-bc7015c07d9c,KXACPI-2025-2.8,13,2025-03-18T00:49:46.249978Z,21,79,yes
219,7ad9f70a-ea1a-4e1a-ba6b-48373938f18f,KXACPI-2025-2.8,403,2025-03-06T15:10:24.082Z,21,79,yes
220,65cad148-411c-410a-94db-6ebb85ef43b3,KXACPI-2025-2.8,18,2025-03-06T15:10:24.082Z,21,79,yes
221,513124ac-ff56-4093-bcc2-3a71a20a16ec,KXACPI-2025-2.8,79,2025-03-06T15:10:24.082Z,21,79,yes
222,b8d25a57-694f-48af-8838-28db05850187,KXACPI-2025-2.8,98,2025-03-05T06:43:44.464619Z,20,80,yes
223,4a9cd480-8cbc-4ec8-962c-b78ea15add9c,KXACPI-2025-2.8,1,2025-02-28T04:59:05.930121Z,20,80,yes
224,53613216-65e3-4d4e-abe5-099b54f3c880,KXACPI-2025-2.8,1,2025-02-28T00:24:21.480924Z,20,80,yes
225,8f5d6b32-75f7-4c89-a010-9ccf0b12bbe5,KXACPI-2025-2.8,193,2025-02-22T16:05:59.249289Z,20,80,yes
226,a2953416-aadb-449a-a3b5-08ee9bb78b2c,KXACPI-2025-2.8,9,2025-02-21T19:13:04.025735Z,20,80,no
227,aded0c38-7426-4909-af6e-64324a9a295b,KXACPI-2025-2.8,5,2025-02-16T06:55:04.22436Z,21,79,yes
228,7814a8e2-5228-40c3-a3c0-dccbb581df8f,KXACPI-2025-2.8,40,2025-02-16T06:55:04.22436Z,21,79,yes
229,fb1247bc-c9b2-4292-86ae-4a75dc0ac0a0,KXACPI-2025-2.8,9,2025-02-15T15:26:57.118224Z,21,79,yes
230,9fd26948-d5a8-48b4-8cee-9b814b931f12,KXACPI-2025-2.8,20,2025-02-12T23:12:16.372631Z,20,80,yes
231,7d56c3ca-93b6-4e54-8383-332c018c54e1,KXACPI-2025-2.8,20,2025-02-12T23:12:16.372631Z,20,80,yes
232,513ce0d8-33b1-40c6-a0f2-5f827421d68d,KXACPI-2025-2.8,110,2025-02-12T23:12:16.372631Z,21,79,yes
233,8d05431f-e0f7-4d08-83ef-dfd6e3c0dd96,KXACPI-2025-2.8,30,2025-02-10T20:48:42.836319Z,21,79,yes
234,51df8809-ebe7-46fd-aa49-b12ffa862387,KXACPI-2025-2.8,15,2025-02-10T20:48:42.836319Z,20,80,yes
235,304110e0-7149-4573-b48f-951a049b45ed,KXACPI-2025-2.8,20,2025-02-10T06:25:03.908462Z,21,79,yes
236,e80c7cbc-25cf-4d1e-8c46-e67e6abbc05e,KXACPI-2025-2.8,8,2025-02-08T04:20:28.850683Z,21,79,yes
237,61daf86c-a90d-48a0-9b0e-3678229e9af1,KXACPI-2025-2.8,25,2025-02-08T04:20:28.850683Z,20,80,yes
238,f37f3dab-a53e-4e13-8feb-402511b60fb7,KXACPI-2025-2.8,92,2025-02-06T20:34:45.182304Z,18,82,no
239,ae789114-58c7-4836-b45b-d3bb605d0980,KXACPI-2025-2.8,98,2025-02-06T20:34:45.182304Z,17,83,no
240,1760fb83-78c6-41a2-b44e-c68d890bb04e,KXACPI-2025-2.8,25,2025-02-06T20:34:45.182304Z,19,81,no
241,8d8e2a79-7855-4ea0-9fd9-977c9a1eb911,KXACPI-2025-2.8,200,2025-02-05T03:26:22.638362Z,21,79,yes
242,bba160a9-dd17-4788-bed1-dd41cd30f976,KXACPI-2025-2.8,100,2025-02-04T04:01:36.746872Z,21,79,yes
243,232d2f87-7189-4899-94e2-edce88e26c71,KXACPI-2025-2.8,8,2025-02-02T16:34:24.387166Z,20,80,no
244,21e0a43b-f547-4849-8222-944fdf6cc1ee,KXACPI-2025-2.8,540,2025-02-01T18:53:01.574999Z,23,77,yes
245,f9dc3b96-df77-48e6-93ed-3f11346baa40,KXACPI-2025-2.8,1,2025-01-31T03:42:03.218233Z,23,77,yes
246,fa96db01-3bd2-493e-9a07-ab5ea7034f6d,KXACPI-2025-2.8,20,2025-01-28T16:06:08.62527Z,23,77,yes
247,01dba65e-5161-490f-92e0-abfd7df9f2e0,KXACPI-2025-2.8,8,2025-01-28T05:13:22.693881Z,23,77,yes
248,e1da745e-fc7d-4fae-a381-2d4c081ef94d,KXACPI-2025-2.8,247,2025-01-28T02:49:36.215853Z,22,78,no
249,a7f95452-76cf-472b-8c45-bf2affa32055,KXACPI-2025-2.8,535,2025-01-28T02:49:11.766294Z,22,78,yes
250,196e4635-d9bf-4408-9793-79edaafa95cd,KXACPI-2025-2.8,178,2025-01-28T02:49:11.766294Z,22,78,yes
251,fe20e91e-bcb1-4b92-a904-e792cc95fd9c,KXACPI-2025-2.8,84,2025-01-26T23:28:54.535408Z,22,78,yes
252,6fccee8c-e38b-434e-b920-996700056055,KXACPI-2025-2.8,1,2025-01-26T23:28:54.535408Z,22,78,yes
253,2d50d24d-2ebb-467b-a0ab-5ede9f4b43b7,KXACPI-2025-2.8,1,2025-01-26T23:28:54.535408Z,22,78,yes
254,465c219c-1bce-46d7-b86c-af6be8aad957,KXACPI-2025-2.8,7,2025-01-22T20:34:29.849556Z,22,78,yes
255,a2ce4379-30b1-42ff-aec2-35250ac11dd0,KXACPI-2025-2.8,17,2025-01-21T22:55:25.377241Z,22,78,yes
256,e7605ec5-d6bd-4963-afce-d84e69f21cf5,KXACPI-2025-2.8,10,2025-01-21T04:56:33.459559Z,22,78,yes
257,c8f198b4-32c2-4503-a52c-63d0b87f4201,KXACPI-2025-2.8,110,2025-01-21T04:56:33.178409Z,22,78,yes
258,2a89c4f7-d63a-4cca-985c-5f2d423472b4,KXACPI-2025-2.8,20,2025-01-21T01:42:22.330051Z,22,78,yes
259,e093152a-4156-4c6a-95df-8e71997f834f,KXACPI-2025-2.8,8,2025-01-20T21:14:02.839276Z,22,78,yes
260,d4f04de6-7b16-4538-ab96-0434c2e6cbad,KXACPI-2025-2.8,65,2025-01-19T13:45:14.900115Z,20,80,no
261,7e32b23b-8aa9-4c95-9c1e-61e10f6bc7d8,KXACPI-2025-2.8,42,2025-01-19T13:45:14.900115Z,20,80,no
262,e39841b8-670b-423a-ba26-52b7afe681cf,KXACPI-2025-2.8,107,2025-01-19T04:36:15.122068Z,22,78,yes
263,592f6505-8ac5-4050-9443-385caab27bd8,KXACPI-2025-2.8,10,2025-01-18T17:49:43.12016Z,22,78,yes
264,f9d5af26-6cc7-41ba-8043-decd1413ee97,KXACPI-2025-2.8,10,2025-01-15T07:16:45.576104Z,22,78,yes
265,97ee663a-4d5a-4883-abcc-17ec0ed9b3aa,KXACPI-2025-2.8,58,2025-01-15T02:02:54.28896Z,20,80,no
266,3cef653e-79d5-42a3-bf97-1cc744b7e7e4,KXACPI-2025-2.8,100,2025-01-14T21:51:46.024706Z,20,80,no
267,1a772cfb-6a1f-402b-8a1c-96d685cb05ff,KXACPI-2025-2.8,57,2025-01-14T21:51:46.024706Z,19,81,no
268,81a6e6d0-f5fe-4ff7-a49f-700a71b75d9b,KXACPI-2025-2.8,256,2025-01-14T21:32:12.924508Z,22,78,yes
269,3075ad23-85ea-4ce2-b415-1c49187b288c,KXACPI-2025-2.8,200,2025-01-14T20:42:57.373991Z,22,78,yes
270,9571fa9c-acc4-4ac7-8c54-2e558b53bec0,KXACPI-2025-2.8,107,2025-01-14T04:33:23.249887Z,22,78,yes
271,fa161fbe-5bf8-4bcc-a606-3febc077dde7,KXACPI-2025-2.8,215,2025-01-13T21:12:56.060192Z,22,78,yes
272,d9eee99c-03a5-47ff-9ad7-6c31d215fc76,KXACPI-2025-2.8,86,2025-01-12T03:20:49.508937Z,22,78,yes
273,4b343b0b-1b3b-411a-9a8e-46775e0172d8,KXACPI-2025-2.8,58,2025-01-10T20:31:46.767608Z,22,78,yes
274,c3b01ab7-e12d-47d2-a498-26bb6ff5af8b,KXACPI-2025-2.8,200,2025-01-08T14:39:03.038896Z,22,78,no
275,0f6efe17-1715-425f-9d41-c264e8397ba3,KXACPI-2025-2.8,33,2024-12-31T15:45:30.429927Z,28,72,no
276,e9b0ffed-f54a-43fc-ab86-f6eb69a7379a,KXACPI-2025-2.8,6,2024-12-30T06:25:10.620777Z,30,70,yes
277,b769e6eb-7b48-4cc4-be14-6b9755ad8607,KXACPI-2025-2.8,27,2024-12-29T22:43:17.458632Z,31,69,yes
278,b5c6fd59-3141-4ed4-99ef-7c726110ffa9,KXACPI-2025-2.8,130,2024-12-29T22:43:17.458632Z,30,70,yes
279,b9dfc7f1-3359-4a0f-a79c-0442a8cda2f7,KXACPI-2025-2.8,15,2024-12-27T20:55:44.032346Z,30,70,yes
280,8522f89f-3175-4fab-923b-7beac53e08b2,KXACPI-2025-2.8,120,2024-12-27T20:55:44.032346Z,30,70,yes
281,81f4c0be-cf30-4f70-89cc-81a7e37cede9,KXACPI-2025-2.8,85,2024-12-27T20:55:44.032346Z,30,70,yes
282,0f22c51c-066f-4a0d-b791-1b5a4a47769d,KXACPI-2025-2.8,100,2024-12-27T20:55:44.032346Z,29,71,yes
283,ad7d1662-2996-48c4-a66f-751085e139d6,KXACPI-2025-2.8,15,2024-12-23T04:16:04.288745Z,30,70,yes
284,651d4356-8be5-4d63-9ba0-820d747d57b7,KXACPI-2025-3.3,20,2025-07-21T06:51:37.907947Z,16,84,no
285,c97a8e97-8ea8-4364-8acf-ece3100422cb,KXACPI-2025-3.3,20,2025-07-18T16:00:56.166287Z,19,81,yes
286,db6b655b-71d5-4179-952f-d00117ad864b,KXACPI-2025-3.3,20,2025-07-16T00:28:37.998908Z,16,84,no
287,b9b3ff03-7401-4e58-ace8-da79d45d1dd4,KXACPI-2025-3.3,9,2025-07-11T21:28:37.891025Z,19,81,yes
288,9a3f0e8c-2c74-46cd-a789-f356a3c612e6,KXACPI-2025-3.3,1,2025-07-01T15:11:39.874206Z,13,87,no
289,c56fdad9-28d7-48b9-a7b8-2fb6c084bf66,KXACPI-2025-3.3,75,2025-06-30T21:50:19.824031Z,20,80,yes
290,72484ff2-d15e-475e-a5c6-e9a21d3d2cf6,KXACPI-2025-3.3,20,2025-06-30T21:50:19.824031Z,19,81,yes
291,d82f31d2-4033-4c08-aa89-f26d9aae1391,KXACPI-2025-3.3,50,2025-06-24T18:03:20.53216Z,20,80,yes
292,9a918c2f-2587-4adf-aeec-9cf004089eea,KXACPI-2025-3.3,35,2025-06-24T18:03:20.53216Z,20,80,yes
293,5133ea22-fbe7-4f95-90f9-b754cdff52d4,KXACPI-2025-3.3,10,2025-06-24T18:03:20.53216Z,19,81,yes
294,70c593cb-654c-45a9-8ddc-523704a43726,KXACPI-2025-3.3,9,2025-06-22T23:15:05.284647Z,19,81,yes
295,2859c2a2-7899-4f9b-be57-a40ee4a2d1b2,KXACPI-2025-3.3,300,2025-06-12T00:12:24.686554Z,17,83,yes
296,de39fb17-4680-4474-a1d7-9bd7c3668576,KXACPI-2025-3.3,4,2025-06-11T12:41:28.635435Z,11,89,no
297,af4ea9e7-2d4c-43c7-bfb5-5b9663f5ad22,KXACPI-2025-3.3,266,2025-06-11T12:41:28.635435Z,12,88,no
298,290400e4-ef79-437c-bf05-d347b4e0eb3e,KXACPI-2025-3.3,730,2025-06-11T12:41:28.635435Z,10,90,no
299,fc484300-93a8-4f2f-8d0f-f1852852605b,KXACPI-2025-3.3,50,2025-06-04T22:25:05.205982Z,14,86,no
300,ddb3fa8d-919c-493d-bfa6-a217959acb5b,KXACPI-2025-3.3,150,2025-06-04T22:24:45.776459Z,14,86,no
301,fc5f3e88-3f9a-450f-9576-4ab22726896b,KXACPI-2025-3.3,1,2025-05-27T16:11:18.155747Z,18,82,yes
302,c014a408-e0f1-46a3-a85b-0fd41691430a,KXACPI-2025-3.3,262,2025-05-23T15:41:11.931046Z,18,82,yes
303,37a338eb-593d-4f96-9c21-2d7804ca27c1,KXACPI-2025-3.3,40,2025-05-14T19:10:35.483114Z,12,88,no
304,263ecb69-2874-4ba3-b4b7-012fae367b54,KXACPI-2025-3.3,1,2025-05-14T12:58:46.796378Z,12,88,no
305,32f460bc-bec8-455f-ad34-38170791b678,KXACPI-2025-3.3,1,2025-05-13T06:30:35.122645Z,17,83,yes
306,d9c12503-5cc2-4fe5-ac29-68045331ea07,KXACPI-2025-3.3,1,2025-05-03T21:43:33.096608Z,17,83,yes
307,88b088cb-fa9f-45ed-a422-a0a6f54fda58,KXACPI-2025-3.3,20,2025-05-02T20:50:34.166092Z,17,83,yes
308,2b79d51b-92d5-413e-8054-be2a05016b29,KXACPI-2025-3.3,35,2025-05-02T20:50:34.166092Z,17,83,yes
309,9ba4c1c9-cbb1-453a-9d93-a88bc5d315dd,KXACPI-2025-3.3,88,2025-05-02T13:54:55.108123Z,13,87,no
310,670a89ed-928a-44cb-8fce-2becf99977f3,KXACPI-2025-3.3,55,2025-05-01T15:23:17.283238Z,17,83,yes
311,24e51111-22f0-4056-adfe-45f665297a45,KXACPI-2025-3.3,1,2025-04-24T20:06:53.644303Z,17,83,yes
312,430d87e7-5f36-4218-b426-0f65466da53b,KXACPI-2025-3.3,5,2025-04-20T21:07:46.965687Z,17,83,yes
313,9ea1a63d-12e5-421f-8d50-5cd5e5b217a1,KXACPI-2025-3.3,96,2025-04-08T17:51:22.263874Z,17,83,yes
314,4e3df06f-e4ce-4f19-9287-94bb8887c530,KXACPI-2025-3.3,200,2025-04-02T22:17:25.810761Z,18,82,yes
315,f7ebd3f8-3f56-430e-93eb-ff194444a1ba,KXACPI-2025-3.3,18,2025-04-01T03:42:12.333117Z,16,84,no
316,a6e42bb0-e7fe-4b54-a28c-2a1d84dc3772,KXACPI-2025-3.3,130,2025-03-31T16:10:00.644377Z,18,82,yes
317,c48a6a80-37f7-4d56-8f46-0752837c289d,KXACPI-2025-3.3,5,2025-03-31T05:17:52.892624Z,18,82,yes
318,a26a282a-beb8-4435-8b34-a4d87cc67834,KXACPI-2025-3.3,1,2025-03-28T19:26:14.659235Z,15,85,no
319,7bdebaa7-279d-49f9-9275-e27618c71066,KXACPI-2025-3.3,200,2025-03-28T13:52:07.104333Z,18,82,yes
320,17e9ee95-c906-4a85-947e-2da111e8747d,KXACPI-2025-3.3,52,2025-03-26T23:07:29.132974Z,18,82,yes
321,8980b65f-2112-4072-b3e6-8004abbde37f,KXACPI-2025-3.3,50,2025-03-26T01:50:19.959903Z,18,82,yes
322,2a541a38-4c6d-4803-b0fc-3410d184b0e6,KXACPI-2025-3.3,40,2025-03-26T01:50:14.223372Z,18,82,yes
323,0cb7bbd6-4009-42b8-b87b-04ded235e6d1,KXACPI-2025-3.3,50,2025-03-26T01:50:08.723081Z,18,82,yes
324,e5795ef1-c670-4333-8a54-794bd7e1877b,KXACPI-2025-3.3,60,2025-03-26T01:50:03.79317Z,18,82,yes
325,ca861e51-cdba-4542-82cc-6475824ee943,KXACPI-2025-3.3,70,2025-03-26T01:49:58.376366Z,18,82,yes
326,17d544a4-648d-4cb3-a830-40da3ab2d938,KXACPI-2025-3.3,80,2025-03-26T01:49:52.181633Z,18,82,yes
327,bfb22a6a-eed4-43d6-b278-2af73848d9c7,KXACPI-2025-3.3,100,2025-03-26T01:49:45.975959Z,18,82,yes
328,6d0f5f17-1c08-46a0-b266-ef49d6928071,KXACPI-2025-3.3,150,2025-03-26T01:49:31.767602Z,18,82,yes
329,0efd0987-4999-4884-ad25-1e827ccabd97,KXACPI-2025-3.3,200,2025-03-26T01:49:22.718734Z,18,82,yes
330,2178418e-bc35-4c70-8fea-93ddf439730b,KXACPI-2025-3.3,75,2025-03-25T23:15:36.258261Z,18,82,yes
331,697cf7e3-6f59-4444-9120-d93e512299dd,KXACPI-2025-3.3,225,2025-03-25T17:17:09.483713Z,18,82,yes
332,b74d52c1-a180-48b9-8db0-5962eb7f3ed2,KXACPI-2025-3.3,100,2025-03-25T12:04:45.992121Z,18,82,yes
333,bf8d2e87-b048-42a8-9724-e9eed91e20fa,KXACPI-2025-3.3,100,2025-03-23T20:29:14.166937Z,18,82,yes
334,611d533d-2f88-4fba-8ecd-48bafce5f192,KXACPI-2025-3.3,100,2025-03-22T23:02:55.872842Z,18,82,yes
335,cd42521c-aee6-466d-bda3-b4145d2abadd,KXACPI-2025-3.3,1,2025-03-20T03:42:33.27707Z,18,82,yes
336,79e7939b-fb89-4f4a-abad-938715e54757,KXACPI-2025-3.3,78,2025-03-12T19:39:03.435195Z,18,82,yes
337,a7263a8e-3225-446e-a1d1-4bb38efe616d,KXACPI-2025-3.3,250,2025-03-12T02:12:47.34678Z,16,84,no
338,9b0c8c8d-c3f3-4f63-9d65-8192db070da3,KXACPI-2025-3.3,150,2025-03-10T05:40:09.718756Z,18,82,yes
339,604cd388-d5b1-448e-a065-57713c674174,KXACPI-2025-3.3,100,2025-03-10T05:40:09.718756Z,18,82,yes
340,542bb16d-d689-4c4a-a81e-ddabbe65325c,KXACPI-2025-3.3,100,2025-03-10T05:40:09.718756Z,18,82,yes
341,4791c2f0-3d65-4d36-b610-58be3a641cb2,KXACPI-2025-3.3,20,2025-03-09T22:55:26.572573Z,16,84,no
342,99b815e8-c048-4b78-bf2f-fea8b9ce8f39,KXACPI-2025-3.3,500,2025-03-05T06:43:29.298264Z,18,82,yes
343,e31d0854-f95a-424b-ba8c-391e2c2e2655,KXACPI-2025-3.3,250,2025-03-05T04:09:53.192959Z,18,82,yes
344,f92a0e4e-e754-4cb5-8e06-13f3bd8229d9,KXACPI-2025-3.3,116,2025-03-03T05:55:20.869509Z,14,86,no
345,d32b9526-49c7-446d-a3c4-39af65478266,KXACPI-2025-3.3,100,2025-03-03T05:55:20.869509Z,16,84,no
346,19e8da21-54d0-4542-9e99-c962235995fc,KXACPI-2025-3.3,2,2025-03-03T05:55:20.869509Z,16,84,no
347,3bf30f7f-874b-4677-8dca-030d218fbcef,KXACPI-2025-3.3,1,2025-02-28T04:59:14.58155Z,18,82,yes
348,a2782bca-6533-4a29-95dc-d007e6df54d5,KXACPI-2025-3.3,5,2025-02-22T19:16:05.678726Z,17,83,yes
349,2b9e6a50-4d48-4fec-af08-39065610e230,KXACPI-2025-3.3,55,2025-02-22T19:15:48.637546Z,17,83,yes
350,64fefdc4-624b-46b8-ae6e-ae722954cd1e,KXACPI-2025-3.3,25,2025-02-16T19:10:45.281275Z,18,82,yes
351,c70b7c04-4dc4-4a40-868c-b4abc010df86,KXACPI-2025-3.3,1,2025-02-15T15:36:07.647694Z,17,83,no
352,11f738f9-7580-4f5a-a17d-185adae6c2e2,KXACPI-2025-3.3,99,2025-02-15T15:36:02.459905Z,17,83,no
353,c0826f37-62fa-4325-9408-83be626e908f,KXACPI-2025-3.3,100,2025-02-14T17:24:27.748463Z,18,82,yes
354,a53ff087-f958-432a-b897-df8ddd893e56,KXACPI-2025-3.3,138,2025-02-11T04:57:25.306523Z,18,82,yes
355,976d0773-a16b-4e65-a5ea-05047539c0ae,KXACPI-2025-3.3,20,2025-02-11T04:57:25.306523Z,17,83,yes
356,0576105f-67a2-4026-a525-316a39777568,KXACPI-2025-3.3,55,2025-02-08T06:44:23.259914Z,17,83,yes
357,0cc7a6b4-eb51-48ac-b5cb-671e8eef3d2e,KXACPI-2025-3.3,248,2025-02-04T04:03:33.688243Z,14,86,no
358,abaa457b-c8e3-450b-83c4-878f3bb9d6fa,KXACPI-2025-3.3,250,2025-02-03T19:54:41.78946Z,15,85,no
359,eafa5c3e-8149-4f2f-8e77-7286c5386668,KXACPI-2025-3.3,26,2025-02-02T16:34:16.782611Z,14,86,no
360,8015e0c4-ebe0-4d75-a482-00dea57534da,KXACPI-2025-3.3,2,2025-01-30T05:19:01.014091Z,15,85,no
361,cc0db344-3aa5-4102-8858-d3fedc3ae2a3,KXACPI-2025-3.3,1,2025-01-28T05:12:16.512822Z,19,81,yes
362,c2bb8897-1d77-417a-b5ae-c4e35c069773,KXACPI-2025-3.3,25,2025-01-28T05:12:16.512822Z,18,82,yes
363,b59af31d-ef11-49d9-9c1d-1cd349a7d563,KXACPI-2025-3.3,461,2025-01-28T02:50:06.59026Z,15,85,no
364,903de038-2734-4b44-bc3a-86b475eab201,KXACPI-2025-3.3,88,2025-01-26T23:29:10.72359Z,16,84,yes
365,0bdba238-f60a-48b4-92ee-cddc4ff9dc99,KXACPI-2025-3.3,100,2025-01-26T02:55:06.866881Z,16,84,yes
366,8e70712b-38a3-4307-ac81-2642f676eb2e,KXACPI-2025-3.3,302,2025-01-25T05:39:54.257602Z,15,85,no
367,ea002e76-f48e-413d-bc41-fd14208920d8,KXACPI-2025-3.3,6,2025-01-22T01:07:41.460056Z,16,84,no
368,c0466e83-f438-446a-a281-f08191305a55,KXACPI-2025-3.3,25,2025-01-22T01:07:41.460056Z,16,84,no
369,18752f2d-6611-421a-9100-1fc379a1c6e7,KXACPI-2025-3.3,250,2025-01-22T01:07:41.460056Z,16,84,no
370,2a5d392d-95dd-486c-b2fa-a0a7c893a618,KXACPI-2025-3.3,6,2025-01-21T16:09:37.19161Z,17,83,no
371,16a02c9b-773b-437e-a4ff-7a6c0f8a477a,KXACPI-2025-3.3,10,2025-01-21T02:30:21.009711Z,20,80,yes
372,8a9700b1-7bc8-4d69-9c83-8a68d196e05d,KXACPI-2025-3.3,60,2025-01-19T18:45:05.405784Z,18,82,yes
373,e8dc9116-3246-48da-81da-0332193649af,KXACPI-2025-3.3,100,2025-01-19T18:43:24.551304Z,18,82,yes
374,45cb3334-0c8e-4020-b4a5-89d3c911765c,KXACPI-2025-3.3,100,2025-01-18T19:28:48.590448Z,18,82,no
375,21db197d-2090-4715-a1de-bfd59c745726,KXACPI-2025-3.3,2,2025-01-18T19:28:48.590448Z,18,82,no
376,d75b6b03-a244-420d-bdb9-277fc9babba7,KXACPI-2025-3.3,100,2025-01-18T18:46:48.319589Z,19,81,no
377,9976c5b7-cc5b-4892-abdb-3bf9c4e621f6,KXACPI-2025-3.3,10,2025-01-18T17:50:04.436736Z,20,80,yes
378,0f3038d9-c941-4b84-b47c-2c5da0afb3dc,KXACPI-2025-3.3,1,2025-01-17T22:48:18.134014Z,20,80,yes
379,5480bfa8-c365-40c1-b262-1d07cdfbfbf0,KXACPI-2025-3.3,100,2025-01-17T21:39:26.731748Z,20,80,yes
380,5548bc94-1e87-4192-84b7-c21db441439a,KXACPI-2025-3.3,71,2025-01-16T06:08:13.308942Z,20,80,yes
381,a21b59e4-b46e-45c5-82b8-da220df81fc9,KXACPI-2025-3.3,98,2025-01-15T14:48:09.530042Z,18,82,no
382,70e75857-ed74-473d-a5bd-6c7ef122892b,KXACPI-2025-3.3,100,2025-01-15T14:48:09.530042Z,19,81,no
383,96b9f8fe-cf34-47c5-90cc-d5df36984c6e,KXACPI-2025-3.3,25,2025-01-15T07:14:59.553752Z,20,80,yes
384,decb96d1-f362-427c-868d-2abaced14b8a,KXACPI-2025-3.3,208,2025-01-14T20:43:16.24692Z,20,80,yes
385,d53b3d90-3dee-455c-84bc-4a8603d25314,KXACPI-2025-3.3,42,2025-01-14T20:43:16.24692Z,19,81,yes
386,e22336d2-4344-454e-aab2-017bdf490d9a,KXACPI-2025-3.3,186,2025-01-14T14:53:55.208357Z,19,81,yes
387,753f2dcc-696c-4cb2-8a09-893b2a50781d,KXACPI-2025-3.3,10,2025-01-14T14:53:55.208357Z,20,80,yes
388,5ae91d13-b56e-4500-98b3-5eae9e4d7157,KXACPI-2025-3.3,2,2025-01-14T14:53:55.208357Z,20,80,yes
389,c5c11d2b-05a6-4dd6-9fd2-6517b2f0026d,KXACPI-2025-3.3,100,2025-01-10T16:22:19.739252Z,19,81,yes
390,c10f5e50-e46c-481c-a3e8-d2ba1bf39061,KXACPI-2025-3.3,100,2025-01-10T16:22:19.739252Z,19,81,yes
391,3f220bb8-75a0-4302-9a47-0e005dd4c23f,KXACPI-2025-3.3,800,2025-01-10T16:22:19.739252Z,19,81,yes
392,5cbeac10-33f9-4bec-93f5-c309a7130209,KXACPI-2025-3.3,2,2025-01-07T23:15:49.477589Z,18,82,no
393,e9a17371-8ae9-4672-93ab-a72b543f31a7,KXACPI-2025-3.3,45,2025-01-05T20:22:53.460035Z,21,79,yes
394,935df1ac-044f-4bbe-93b8-442d7022139c,KXACPI-2025-3.3,2,2024-12-26T04:24:45.157432Z,15,85,no
395,47dab578-76d5-4c79-a159-22af87e0bb39,KXACPI-2025-3.3,20,2024-12-23T01:30:06.79307Z,23,77,yes
396,368fc5d4-b014-4db5-9e64-3120d00c4a25,KXACPI-2025-3.3,2,2024-12-21T06:38:01.247824Z,79,21,yes
397,a06b3ea4-4277-49b7-b041-4a62567dcdc8,KXACPI-2025-3.8,100,2025-07-10T05:20:37.633338Z,13,87,no
398,26a434e7-0c57-4db8-a32f-dda4b7a0ef92,KXACPI-2025-3.8,1,2025-07-01T15:11:47.524357Z,13,87,no
399,834b21b6-69d1-4c30-9e49-4c3ca4ace59e,KXACPI-2025-3.8,4,2025-06-12T00:12:37.136748Z,16,84,yes
400,44cfe5fe-05a0-41b0-aecf-47e0697da76e,KXACPI-2025-3.8,25,2025-06-12T00:12:37.136748Z,16,84,yes
401,1f130e71-e1ec-41ae-bcf9-e198f68e794a,KXACPI-2025-3.8,300,2025-06-12T00:12:37.136748Z,17,83,yes
402,f7aaf794-b568-4bc1-ba3b-448a724ebba7,KXACPI-2025-3.8,80,2025-06-04T22:24:57.538459Z,14,86,no
403,6d08c595-8bcf-4c38-ab00-69a572d979ba,KXACPI-2025-3.8,1,2025-05-27T16:11:29.457188Z,19,81,yes
404,e7d02fc8-c145-4818-bf61-29a77ac1b8d9,KXACPI-2025-3.8,4,2025-05-23T15:42:18.90353Z,17,83,yes
405,106c86f6-1ddb-41cc-a084-fc069ac530b5,KXACPI-2025-3.8,179,2025-05-23T15:42:18.90353Z,17,83,yes
406,0bf7b25f-44da-4b4f-9315-1b91b30a19fe,KXACPI-2025-3.8,100,2025-05-23T15:42:18.90353Z,16,84,yes
407,b3402c31-f838-48d8-ae22-affb861e849c,KXACPI-2025-3.8,281,2025-05-17T17:11:28.808763Z,12,88,no
408,f6db34fc-548d-44db-a195-dfe9a772bdb0,KXACPI-2025-3.8,100,2025-05-11T04:58:06.02532Z,13,87,no
409,3534bfeb-a9e6-488b-9ba8-d353f8186798,KXACPI-2025-3.8,13,2025-05-11T04:58:06.02532Z,12,88,no
410,4249fc09-906f-473a-b514-9fe119f31d6b,KXACPI-2025-3.8,20,2025-05-10T21:08:18.124669Z,17,83,yes
411,4f500cdd-fb54-4ccd-9a99-1c0513080cc9,KXACPI-2025-3.8,20,2025-05-09T05:55:35.207018Z,13,87,no
412,04323e43-7f43-49f6-940f-671af8e0445e,KXACPI-2025-3.8,100,2025-05-09T05:55:35.207018Z,13,87,no
413,9ecbf428-47d9-449a-9785-71bc435476d0,KXACPI-2025-3.8,55,2025-05-02T20:50:45.89658Z,17,83,yes
414,cb4381f0-edc4-4de6-b02c-cdbd1ca797ee,KXACPI-2025-3.8,1,2025-04-24T20:07:03.249701Z,17,83,yes
415,9cbf5734-e91a-469b-83a0-a24cefc5e961,KXACPI-2025-3.8,16,2025-04-21T13:23:35.446663Z,17,83,yes
416,3b079b0c-3414-4a9f-bed9-9a4180ec9ded,KXACPI-2025-3.8,500,2025-04-13T17:42:52.468466Z,17,83,yes
417,06680bc2-1ce7-488a-8dc8-873ceaebc523,KXACPI-2025-3.8,45,2025-04-12T16:27:15.400073Z,20,80,yes
418,d56224d3-267f-462b-9595-8fe089dba711,KXACPI-2025-3.8,29,2025-04-06T23:05:49.649947Z,16,84,yes
419,e96630c3-6aff-405f-94fc-12d2d1a39c7a,KXACPI-2025-3.8,250,2025-04-03T20:56:46.512343Z,16,84,yes
420,c9631cd1-b600-499d-9a1d-86f4acdb8e2d,KXACPI-2025-3.8,737,2025-04-03T04:01:12.608335Z,16,84,yes
421,ce08364b-d15e-4814-b314-395f4a8e274a,KXACPI-2025-3.8,16,2025-04-01T17:49:21.502926Z,14,86,yes
422,b7c4da46-a95a-48c4-91aa-c9a36440d45e,KXACPI-2025-3.8,4,2025-04-01T17:49:21.502926Z,12,88,yes
423,a9f97c5e-2c3e-4a06-b47a-d7197be341a6,KXACPI-2025-3.8,100,2025-04-01T17:49:21.502926Z,13,87,yes
424,8ca534b3-8beb-475a-9dab-229d51641c0c,KXACPI-2025-3.8,1,2025-04-01T17:49:21.502926Z,14,86,yes
425,63b7f267-4a1d-40f8-af5b-c6b982fd62a6,KXACPI-2025-3.8,2,2025-04-01T17:49:21.502926Z,14,86,yes
426,5e533989-bed5-4ac7-9eee-bf090d8c7dea,KXACPI-2025-3.8,161,2025-03-31T18:04:04.53532Z,11,89,yes
427,50f12cd1-79c2-4222-abae-8cbe5bbb358e,KXACPI-2025-3.8,8,2025-03-31T05:18:01.254261Z,11,89,yes
428,344bbfe4-0c60-4ed3-bfec-825a0a44644d,KXACPI-2025-3.8,1,2025-03-28T19:26:58.049114Z,9,91,no
429,66340e39-1d13-4e1a-9134-b8198372e917,KXACPI-2025-3.8,200,2025-03-28T13:51:23.853148Z,12,88,yes
430,9336826b-7832-478c-8f1f-0e0615cb5bc2,KXACPI-2025-3.8,336,2025-03-27T23:05:10.072099Z,12,88,yes
431,8918f212-de7a-4b2e-b1c7-eb12a427fbe5,KXACPI-2025-3.8,1,2025-03-27T23:00:19.559848Z,12,88,yes
432,d9dd6a0e-09c3-42a2-8ffd-6fc57e025825,KXACPI-2025-3.8,13,2025-03-27T23:00:12.476834Z,12,88,yes
433,88dc72f1-7154-4048-959f-7f1cda61c526,KXACPI-2025-3.8,100,2025-03-27T22:59:53.077252Z,12,88,yes
434,bbf6c577-d776-4f29-97a6-e35c21241d87,KXACPI-2025-3.8,326,2025-03-27T20:34:43.353815Z,12,88,yes
435,5a1cf987-44b2-46ed-a616-67340f2f6e18,KXACPI-2025-3.8,300,2025-03-27T20:12:19.049625Z,12,88,yes
436,c912fd42-48de-4d6a-9b19-b322d5035157,KXACPI-2025-3.8,24,2025-03-27T19:57:53.024344Z,12,88,yes
437,71dd5c7f-fd9f-4ade-b3e3-781926285c58,KXACPI-2025-3.8,150,2025-03-26T21:30:46.611412Z,12,88,yes
438,a290800e-35e9-4d8d-8a3a-18274010a348,KXACPI-2025-3.8,164,2025-03-22T23:33:09.894866Z,10,90,no
439,a98fe59c-9eb0-42b5-a499-4575adce4e6c,KXACPI-2025-3.8,150,2025-03-12T02:11:57.456669Z,11,89,no
440,6f9fb99d-dbd3-4c1e-b910-fdeb84ef2ef4,KXACPI-2025-3.8,90,2025-03-12T02:11:33.738676Z,11,89,no
441,f05d009e-b850-4460-8fe6-3fa340cda221,KXACPI-2025-3.8,1,2025-03-09T20:46:04.51074Z,12,88,yes
442,0cb1dd43-8125-422c-bea0-46377c61bbff,KXACPI-2025-3.8,528,2025-03-09T20:46:04.51074Z,12,88,yes
443,3a5c603e-ae9b-407c-86c8-8c069170b233,KXACPI-2025-3.8,1,2025-03-05T19:24:06.683246Z,11,89,no
444,67bea77e-c4ee-4555-81e5-65742f1d9aba,KXACPI-2025-3.8,14,2025-03-05T04:09:39.576599Z,12,88,yes
445,bb8f3796-17d6-42dd-b996-854579e03622,KXACPI-2025-3.8,1500,2025-03-04T13:08:28.431522Z,12,88,yes
446,daf35ab8-aeb0-4c27-811f-ad9d5b815a7b,KXACPI-2025-3.8,500,2025-03-04T05:20:22.486212Z,12,88,yes
447,fba9f16b-635c-4cb7-8f10-91f8727f479a,KXACPI-2025-3.8,18,2025-03-03T05:11:22.094213Z,11,89,yes
448,25c8a77a-6c4a-421f-8659-e111842b54f9,KXACPI-2025-3.8,100,2025-03-03T05:11:22.094213Z,11,89,yes
449,038edf83-1f54-41f9-a0d6-06cae77ced9e,KXACPI-2025-3.8,85,2025-02-16T06:38:57.500942Z,11,89,yes
450,0e6777aa-8e8e-4c29-ad70-e63b7125c1f2,KXACPI-2025-3.8,10,2025-02-15T23:36:14.75402Z,10,90,no
451,9200f12d-274a-4eb5-8fed-46dc2c40c763,KXACPI-2025-3.8,87,2025-02-08T06:45:19.364047Z,11,89,yes
452,3239825d-b76c-45f8-92f0-86e93a83c88f,KXACPI-2025-3.8,77,2025-02-08T06:45:19.364047Z,12,88,yes
453,c1919985-a6b2-4d6d-8394-423cd2e9f22c,KXACPI-2025-3.8,64,2025-02-08T06:20:38.811876Z,8,92,no
454,a00f0bec-e0be-4c8a-98d4-582ed708cf25,KXACPI-2025-3.8,87,2025-02-04T04:04:09.868143Z,8,92,no
455,f9ba68e1-616a-406a-b2a2-30f49f34167c,KXACPI-2025-3.8,50,2025-02-04T00:04:51.71747Z,9,91,no
456,e0d2d192-97e2-47e6-9d03-f0280f5a4bd5,KXACPI-2025-3.8,78,2025-02-03T06:17:20.495062Z,12,88,yes
457,f33e7f2c-f605-4008-96fc-d4509d1b24f8,KXACPI-2025-3.8,250,2025-01-25T21:52:51.513956Z,9,91,no
458,a3110771-f548-4dbe-9b02-53e1e59a517f,KXACPI-2025-3.8,313,2025-01-21T16:08:51.07602Z,8,92,no
459,d4288261-9de4-4976-9005-c950be9a36d8,KXACPI-2025-3.8,100,2025-01-20T00:13:07.517891Z,9,91,no
460,22824894-5023-47c9-a8b4-5a0ff57fd7bf,KXACPI-2025-3.8,280,2025-01-19T18:43:55.126489Z,9,91,yes
461,f5e2ee5e-daf6-4a45-8ab0-c8d64f635fc5,KXACPI-2025-3.8,100,2025-01-19T06:47:24.02421Z,9,91,no
462,81a58132-16f2-4698-b492-c67b5526531c,KXACPI-2025-3.8,10,2025-01-19T06:12:17.632002Z,11,89,no
463,390862d1-170e-4ec5-b3a0-68eee5cabe54,KXACPI-2025-3.8,10,2025-01-19T06:12:17.632002Z,11,89,no
464,92082454-2a6d-449a-b285-136158b85085,KXACPI-2025-3.8,1,2025-01-17T22:48:25.333437Z,12,88,yes
465,4d1911a9-e1c3-447a-8318-362453a1b3e8,KXACPI-2025-3.8,200,2025-01-17T21:39:11.574036Z,12,88,yes
466,cd5161c1-43ba-4d6d-b933-d9be0d8c23ee,KXACPI-2025-3.8,74,2025-01-16T23:32:49.459955Z,12,88,yes
467,203638dd-1188-451f-baa3-8a49529a90c1,KXACPI-2025-3.8,26,2025-01-16T23:32:49.459955Z,12,88,yes
468,ed5980aa-2cf8-4005-b8e1-0c283f289133,KXACPI-2025-3.8,1,2025-01-15T14:08:33.079723Z,12,88,yes
469,3809657a-bc55-4763-872f-052e11162036,KXACPI-2025-3.8,25,2025-01-15T07:15:37.855139Z,12,88,yes
470,c74ab57c-ae38-421b-9fea-0a9ace9b63c8,KXACPI-2025-3.8,10,2025-01-15T07:15:20.341756Z,11,89,yes
471,ab38ca26-2d06-4f34-9e7a-04a4d417a68f,KXACPI-2025-3.8,10,2025-01-05T20:24:03.547053Z,5,95,no
472,e115bb5b-636c-4796-9c0c-7a7a017f8037,KXACPI-2025-4.3,3,2025-07-19T18:57:15.462639Z,6,94,no
473,f0bc47a5-a3ed-441d-8a46-6c22cb2cea44,KXACPI-2025-4.3,190,2025-07-15T23:57:27.722045Z,9,91,yes
474,68ddf14d-07c5-4b51-8a70-cff385b811c5,KXACPI-2025-4.3,10,2025-07-15T23:57:27.722045Z,8,92,yes
475,482e78a7-c4cf-4308-a7de-188472e8d935,KXACPI-2025-4.3,25,2025-06-04T22:25:16.239468Z,8,92,no
476,2792efea-2640-43f8-b096-f4e4ff68a324,KXACPI-2025-4.3,25,2025-06-04T22:25:16.239468Z,8,92,no
477,5b9537a9-0d41-4571-80e2-38d527e4c9aa,KXACPI-2025-4.3,25,2025-06-04T00:26:07.286025Z,9,91,no
478,210015b5-cade-4428-902c-fb34ea4a7d95,KXACPI-2025-4.3,25,2025-06-04T00:26:07.286025Z,8,92,no
479,e8262bfe-e4a0-4421-9100-3daa35528d21,KXACPI-2025-4.3,135,2025-05-23T15:42:35.325809Z,13,87,yes
480,c60a506b-87c9-4eb7-8a48-1d24901798ff,KXACPI-2025-4.3,19,2025-05-23T15:42:35.325809Z,11,89,yes
481,9a133c3e-e3cf-489c-942a-5f064ee349cd,KXACPI-2025-4.3,203,2025-05-23T15:42:35.325809Z,11,89,yes
482,45b5d5d5-cde4-4c6a-8a12-aa6ce956bc0b,KXACPI-2025-4.3,50,2025-05-23T15:42:35.325809Z,10,90,yes
483,ba2ca051-a0c8-4479-b321-88a2a23bb4f4,KXACPI-2025-4.3,10,2025-05-18T22:14:27.2535Z,11,89,yes
484,2745e972-b79c-4c00-8a80-3d8f01bbe1cb,KXACPI-2025-4.3,50,2025-05-12T05:20:28.769024Z,11,89,yes
485,9840d99a-ea8c-40f3-b551-7bc4ff60fb7f,KXACPI-2025-4.3,150,2025-05-09T05:55:24.317415Z,7,93,no
486,2dd02fa3-2f45-4251-af76-b3be912e53dd,KXACPI-2025-4.3,899,2025-04-03T04:02:21.975544Z,10,90,yes
487,1bd63206-a738-4b63-9efc-655a71f3a9a5,KXACPI-2025-4.3,46,2025-04-03T04:02:21.975544Z,9,91,yes
488,f7f7d8ff-50e2-43ca-a5c5-62561ea2d4b2,KXACPI-2025-4.3,30,2025-04-03T03:23:01.505023Z,9,91,yes
489,647098ed-a955-46b2-9b37-623416362767,KXACPI-2025-4.3,370,2025-04-03T03:23:01.505023Z,10,90,yes
490,b55f468c-0284-4e30-b270-ac9b6fabcf9a,KXACPI-2025-4.3,29,2025-04-02T05:11:07.298933Z,7,93,yes
491,2ac35f79-159c-4040-af8e-a14be786b295,KXACPI-2025-4.3,150,2025-03-12T02:12:30.504721Z,5,95,no
492,e86b4e82-ab65-490a-ba1e-a655632f82f6,KXACPI-2025-4.3,100,2025-03-10T00:01:40.993023Z,7,93,yes
493,b59765c2-19b7-4889-b8ed-6284b76d931a,KXACPI-2025-4.3,13,2025-02-19T02:09:56.879836Z,7,93,yes
494,cd6d4515-0b6d-4a95-aeb6-b5c754ca7f21,KXACPI-2025-4.3,100,2025-02-15T23:36:04.025277Z,5,95,no
495,6b7068a6-4bcc-4ad3-beee-130a6785c8dc,KXACPI-2025-4.3,500,2025-02-09T23:05:51.152978Z,8,92,yes
496,85ceae7a-a39f-4d00-8703-15a0de8d9bbf,KXACPI-2025-4.3,51,2025-02-07T17:27:24.126543Z,8,92,yes
497,228e8d44-65fb-442b-b1a9-084778b07555,KXACPI-2025-4.3,249,2025-02-07T17:27:24.126543Z,8,92,yes
498,f3df5a39-be13-4794-ab81-c61ea3d6630c,KXACPI-2025-4.3,5,2025-02-03T07:07:46.912274Z,7,93,yes
499,8b7694c8-3ae7-40b5-915a-e7a078932af9,KXACPI-2025-4.3,249,2025-02-03T07:07:46.912274Z,7,93,yes
500,09878552-9f82-45c1-bfde-0c1105782bd1,KXACPI-2025-4.3,67,2025-01-17T02:11:50.163855Z,7,93,yes
501,fcbc58cc-09a2-48b1-b37b-655fe4a655df,KXACPI-2025-4.3,250,2025-01-14T20:44:28.595281Z,7,93,yes
502,252734dd-f844-466e-9c35-239cdc76c677,KXACPI-2025-4.3,50,2025-01-14T20:44:28.595281Z,7,93,yes
503,664f6e29-cde6-4cba-be71-29c5c659b730,KXACPI-2025-4.3,50,2024-12-30T00:09:13.307356Z,7,93,yes
504,396cee21-f6d6-48ab-a9b7-d26ccb1d1d97,KXACPI-2025-4.8,300,2025-07-15T23:57:40.029316Z,5,95,yes
505,8ab56fc1-b36b-46cb-8faa-548cfab80eac,KXACPI-2025-4.8,10,2025-07-03T22:32:50.33461Z,5,95,no
506,9c57ff46-ef61-473d-bdc0-60adfcffb214,KXACPI-2025-4.8,190,2025-06-04T22:25:25.44862Z,3,97,no
507,7531a8ba-b3af-4122-a0f1-6f9e9ef59615,KXACPI-2025-4.8,22,2025-06-04T00:45:23.403936Z,4,96,no
508,4de2542f-3c6b-49a6-a1ab-6732b3bc2b0e,KXACPI-2025-4.8,2,2025-06-04T00:45:23.403936Z,4,96,no
509,38dc3711-816a-442d-a58a-52ec1bac3586,KXACPI-2025-4.8,26,2025-06-04T00:45:23.403936Z,2,98,no
510,9b4b4783-eac9-4524-99bb-d9880b9f9a07,KXACPI-2025-4.8,19,2025-05-23T15:43:17.117863Z,7,93,yes
511,84d9963f-030a-48ee-bcf0-b1c5c8a618b3,KXACPI-2025-4.8,41,2025-05-23T15:43:17.117863Z,7,93,yes
512,849c66d2-47df-4a9f-815b-3af86299534f,KXACPI-2025-4.8,80,2025-05-23T15:43:17.117863Z,3,97,yes
513,16728f21-6787-4853-b03f-d877479d76d7,KXACPI-2025-4.8,448,2025-05-23T15:43:17.117863Z,9,91,yes
514,75cc2663-3e74-425d-bd9b-11def46f36dd,KXACPI-2025-4.8,62,2025-05-23T13:52:37.568308Z,3,97,yes
515,525b9850-c922-4099-a6fb-2ff84c9c63a9,KXACPI-2025-4.8,26,2025-05-23T13:51:59.959706Z,3,97,yes
516,9666d25a-9b82-4aae-8e5f-985d1b647d00,KXACPI-2025-4.8,16,2025-05-17T17:11:32.020257Z,3,97,yes
517,1606d5ab-529c-432a-827e-cb1d334a64a1,KXACPI-2025-4.8,783,2025-05-16T20:57:26.4133Z,3,97,no
518,8d809562-8617-463e-a3ac-0ea237b9dd20,KXACPI-2025-4.8,50,2025-05-12T05:20:02.645705Z,7,93,yes
519,be38b32b-887c-447c-a262-b45de25d885f,KXACPI-2025-4.8,10,2025-05-09T05:55:17.723147Z,6,94,no
520,ade29386-ecb4-4be3-8c97-003464f5ca6b,KXACPI-2025-4.8,51,2025-04-03T04:02:36.814707Z,6,94,yes
521,45fe9163-c4a6-4c5b-bb97-0e1ee344a226,KXACPI-2025-4.8,1071,2025-04-03T04:02:36.814707Z,7,93,yes
522,3212530d-5a33-42a1-8777-539aae4986b9,KXACPI-2025-4.8,29,2025-04-03T04:02:36.814707Z,6,94,yes
523,968952f4-3220-4e60-98fc-b9fb087da021,KXACPI-2025-4.8,500,2025-04-03T03:22:34.038669Z,7,93,yes
524,9fba941d-8e71-478e-b590-f324fc593d52,KXACPI-2025-4.8,100,2025-03-12T12:52:31.302376Z,5,95,no
525,a6e25e1d-5aaf-4dfc-8198-fae14dbdfed4,KXACPI-2025-4.8,100,2025-03-10T00:02:20.563251Z,5,95,yes
526,6a146b89-38bb-4e12-afd5-3fb454061e1c,KXACPI-2025-4.8,250,2025-02-15T23:35:52.319151Z,3,97,no
527,fcb388e0-ec0d-4782-a066-899a420d0b4f,KXACPI-2025-4.8,800,2025-02-09T23:06:20.811505Z,5,95,yes
528,d8772715-fc18-4371-9758-f19d59d86e99,KXACPI-2025-4.8,400,2025-02-07T17:27:42.645287Z,5,95,yes
529,d4bf9b71-c2c6-49ac-bb81-77affdca3718,KXACPI-2025-4.8,10,2025-02-03T19:54:22.560749Z,5,95,yes
530,dd98e5dc-f8bc-4e7f-85d8-c6ed3c0948c7,KXACPI-2025-4.8,1,2025-02-02T06:15:47.74702Z,4,96,yes
531,6f9b7325-3adb-4da2-85c5-89b09a5bce73,KXACPI-2025-4.8,142,2025-02-02T06:15:47.74702Z,4,96,yes
532,3f589362-a389-465e-a1a8-86c045ac7b88,KXACPI-2025-4.8,1,2025-02-02T06:15:47.74702Z,4,96,yes
533,fd3cc7ec-34fb-4140-ac5c-d9b93b69197c,KXACPI-2025-4.8,10,2025-01-21T02:30:56.816274Z,5,95,yes
534,c9e7fa40-1a33-4780-815f-6ced5897c0e5,KXACPI-2025-4.8,2,2025-01-18T19:34:41.252166Z,4,96,yes
535,7dab0f24-630c-4724-9437-ed51ceef29c7,KXACPI-2025-4.8,1,2025-01-18T19:34:41.252166Z,4,96,yes
536,036cdafe-ad32-4dd6-9374-a54fcfbcf779,KXACPI-2025-4.8,964,2025-01-18T19:34:41.252166Z,4,96,yes
537,775eef0e-ae38-43e6-84f1-ebb5472809ba,KXACPI-2025-4.8,10,2025-01-18T19:28:21.466755Z,3,97,no
538,f2f99ec9-f65f-46b5-a6f8-de8bed89ae04,KXACPI-2025-4.8,50,2025-01-18T11:08:27.525485Z,6,94,yes
539,439685b6-3a2b-4402-9a07-75c7df0bfbb8,KXACPI-2025-4.8,10,2025-01-18T11:08:27.525485Z,5,95,yes
540,16f3bee4-ae2e-4d20-91f5-180a03c8e2b8,KXACPI-2025-4.8,8,2025-01-18T11:08:27.525485Z,75,25,yes
541,99c3dae8-b742-4f25-800a-ca9a62551fc7,KXACPI-2025-4.8,117,2025-01-17T02:11:37.329156Z,4,96,yes
542,a78e8846-18b2-4645-bf5a-f40ae44da47f,KXACPI-2025-4.8,50,2024-12-30T00:07:46.394181Z,6,94,yes
543,5a93c75c-c737-4225-8c84-09d152a7a27c,KXACPI-2025-5.3,300,2025-07-15T23:57:55.504034Z,4,96,yes
544,28ca4881-5a1c-43be-baaf-a6a378d8b1fe,KXACPI-2025-5.3,150,2025-06-24T04:52:56.899763Z,4,96,no
545,382d5341-7124-4046-aa3c-352c7324ae46,KXACPI-2025-5.3,50,2025-06-20T16:11:56.748937Z,4,96,no
546,5e8f5c65-96e5-43f1-8091-feade04678b4,KXACPI-2025-5.3,50,2025-06-11T12:34:17.795725Z,3,97,no
547,93002fb9-546e-4180-ab5c-a10eecb269e3,KXACPI-2025-5.3,50,2025-06-04T22:25:31.47141Z,4,96,no
548,bc4be9b7-fb7e-4a24-94b7-eb28424528f4,KXACPI-2025-5.3,549,2025-05-23T15:44:01.702661Z,8,92,yes
549,7e73a08b-438f-4830-bd11-0c90a1e2d3a6,KXACPI-2025-5.3,50,2025-05-23T15:44:01.702661Z,6,94,yes
550,55905dcb-0e2a-4c83-8b71-afc000ef8c5e,KXACPI-2025-5.3,150,2025-05-09T05:55:11.851628Z,3,97,no
551,144970e6-c19a-4c96-80a0-ca3114cd6083,KXACPI-2025-5.3,180,2025-04-20T02:06:17.620023Z,3,97,no
552,d5de1afd-7693-4210-9858-8bd47ff18003,KXACPI-2025-5.3,322,2025-04-03T23:35:55.748561Z,6,94,yes
553,ad00ad22-21fc-43d4-9db5-f3759a4f9fe5,KXACPI-2025-5.3,114,2025-04-03T23:35:55.748561Z,7,93,yes
554,3d144ebf-35dc-4dc8-b118-4b0faa089a4a,KXACPI-2025-5.3,14,2025-04-03T23:35:55.748561Z,6,94,yes
555,ea04e679-4723-49e1-822b-e58182756838,KXACPI-2025-5.3,47,2025-04-03T04:02:52.610108Z,5,95,yes
556,ac4fc2e9-ad8d-4875-93ea-efec006b8ab4,KXACPI-2025-5.3,23,2025-04-03T04:02:52.610108Z,5,95,yes
557,761ba553-5919-4a02-97b3-1439a07b3511,KXACPI-2025-5.3,41,2025-04-03T04:02:52.610108Z,5,95,yes
558,296752f4-3777-4260-8642-bc0bbeaf2781,KXACPI-2025-5.3,845,2025-04-03T04:02:52.610108Z,6,94,yes
559,e490e331-5363-45a3-9859-6ee39621647f,KXACPI-2025-5.3,1,2025-04-03T03:23:41.178805Z,4,96,yes
560,166c93f0-c80e-49dd-855c-ec29cce61c31,KXACPI-2025-5.3,12,2025-04-03T03:23:41.178805Z,4,96,yes
561,e6b9b6f5-87ea-4aca-8131-41cca4801258,KXACPI-2025-5.3,99,2025-03-17T17:36:39.00096Z,4,96,yes
562,11f30d99-cfd9-4510-8a0f-e85e0472ca32,KXACPI-2025-5.3,40,2025-03-12T02:12:19.241952Z,1,99,no
563,58db5963-2665-449e-9a06-69ec7c5a9311,KXACPI-2025-5.3,100,2025-03-04T18:07:11.212149Z,4,96,yes
564,fc8ad046-56f7-4555-91c8-a23a3428d5a0,KXACPI-2025-5.3,23,2025-02-19T02:11:22.278822Z,4,96,yes
565,66b1ceba-e4f0-4ddf-8a11-a6c9e2d70b2f,KXACPI-2025-5.3,30,2025-02-15T23:35:43.705483Z,2,98,no
566,97aebaec-5bf7-453c-95cf-b38bee41f552,KXACPI-2025-5.3,1000,2025-02-02T06:16:48.852054Z,4,96,yes
567,fc0f5efa-d37f-4fbc-a44c-ac2b31d7d1a1,KXACPI-2025-5.3,50,2025-02-02T04:43:36.57337Z,2,98,yes
568,d876553c-7ea5-4693-b390-235e78be8fb2,KXACPI-2025-5.3,452,2025-02-02T04:43:36.57337Z,4,96,yes
569,8612984c-c5f1-4b67-8de0-ea999dd4f211,KXACPI-2025-5.3,1,2025-02-02T04:43:36.57337Z,3,97,yes
570,7b85f4a9-ca87-4080-850c-38d3d5373d69,KXACPI-2025-5.3,654,2025-02-02T04:43:36.57337Z,3,97,yes
571,4e952dea-94c9-426f-8125-52e1ccb7c2a9,KXACPI-2025-5.3,1049,2025-02-02T04:43:36.57337Z,3,97,yes
572,37f49831-ab7b-4901-8731-b34c2bbc2b02,KXACPI-2025-5.3,50,2024-12-30T00:08:20.288722Z,6,94,yes
573,d2b1625f-5fed-45ee-8934-1a1360e4a892,KXACPI-2025-5.75,13,2025-06-24T04:52:46.413938Z,4,96,no
574,61c1ee2f-def4-4546-8094-efc6c1bc002b,KXACPI-2025-5.75,10,2025-06-24T04:52:46.413938Z,5,95,no
575,55b03d53-ebc5-4959-89f7-2a96ad8cfca2,KXACPI-2025-5.75,227,2025-06-24T04:52:46.413938Z,4,96,no
576,984af988-51d0-4870-9317-9082aa96572a,KXACPI-2025-5.75,300,2025-06-22T00:30:03.404785Z,4,96,yes
577,2b4e497b-994a-4653-9b18-345fba271cad,KXACPI-2025-5.75,75,2025-06-22T00:30:03.404785Z,4,96,yes
578,13d2ebff-9902-4a35-9567-4bda1f1737eb,KXACPI-2025-5.75,12,2025-06-22T00:30:03.404785Z,4,96,yes
579,cb9ad3dc-4ce5-4a6d-9469-b5c28539d8f8,KXACPI-2025-5.75,300,2025-06-13T05:57:00.079453Z,3,97,yes
580,53bc5a5b-ff6d-483b-9c76-9d77a85f830a,KXACPI-2025-5.75,200,2025-06-04T22:25:36.555474Z,1,99,no
581,bcec609c-5d33-4bb8-80b8-1a0860ef0308,KXACPI-2025-5.75,120,2025-05-07T02:26:45.112532Z,1,99,no
582,9ca3464f-c45a-400e-85f3-b080f179b205,KXACPI-2025-5.75,60,2025-05-07T02:26:45.112532Z,1,99,no
583,69c706a3-3f40-4e94-b6df-5ccb7f88354c,KXACPI-2025-5.75,117,2025-04-11T14:36:02.890217Z,8,92,yes
584,ea01728f-3659-4059-bb97-f5f2612530ff,KXACPI-2025-5.75,150,2025-03-17T17:36:26.56334Z,3,97,yes
585,251e20f9-4f42-4b35-9375-3d30f436c9bb,KXACPI-2025-5.75,100,2025-03-17T17:36:26.56334Z,4,96,yes
586,1f4c880b-ce02-4805-a81e-442a9cf9c60f,KXACPI-2025-5.75,3,2025-03-17T17:36:26.56334Z,4,96,yes
587,d04c4f0e-b100-400c-ae0e-c6c23a09fd33,KXACPI-2025-5.75,40,2025-03-12T02:12:10.327046Z,1,99,no
588,e8329804-017b-4a26-adec-16e654ea0d0f,KXACPI-2025-5.75,100,2025-03-04T18:06:52.817697Z,3,97,yes
589,fc53dfb7-dfa2-4fbe-be36-a703c0207883,KXACPI-2025-5.75,1318,2025-02-18T23:43:47.628555Z,4,96,yes
590,e6e0bbc1-3495-4d00-8cf7-ef1c3241c3d8,KXACPI-2025-5.75,4,2025-02-18T23:43:47.628555Z,3,97,yes
591,b6512930-89d3-4d77-ab90-3d16ffad6c59,KXACPI-2025-5.75,9,2025-02-18T23:43:47.628555Z,3,97,yes
592,284f9456-a84e-402d-a277-f2d8e992b88d,KXACPI-2025-5.75,1351,2025-02-18T23:43:47.628555Z,3,97,yes
593,31e69d1f-7e73-44c8-88f1-3ec4dc38b9f8,KXACPI-2025-5.75,30,2025-02-15T23:35:33.508985Z,2,98,no
594,abe24302-a4c1-4faf-853d-9a2cfcba4452,KXACPI-2025-5.75,4,2025-02-15T19:00:54.744603Z,3,97,yes
595,373be71a-23db-496c-8887-b19b262cb3ed,KXACPI-2025-5.75,5,2025-02-15T15:36:01.417402Z,3,97,no
596,f9191e07-2afc-4491-8018-436257c54a8e,KXACPI-2025-5.75,50,2025-02-02T04:43:57.510249Z,2,98,yes
597,f3c5fad3-2813-4c8c-9c6b-532168883d5c,KXACPI-2025-5.75,869,2025-02-02T04:43:57.510249Z,3,97,yes
598,d76b5d4e-f9f3-44f1-a959-9fd3ccedcc46,KXACPI-2025-5.75,1437,2025-02-02T04:43:57.510249Z,3,97,yes
599,c4e90588-b78f-496d-84df-9aa0bfcbb787,KXACPI-2025-5.75,1,2025-02-02T04:43:57.510249Z,3,97,yes
600,205fe481-cca1-4d85-9907-5721243c5c8f,KXACPI-2025-5.75,50,2024-12-30T00:08:31.115675Z,5,95,yes
601,c7e365e2-50c8-4073-83d9-7574d34db4c8,KXACPI-2025-6.0,18,2025-07-07T23:18:00.961444Z,4,96,yes
602,11aaf5da-fa91-4027-94a5-fa66cb9f8cb3,KXACPI-2025-6.0,10,2025-07-03T21:21:58.14496Z,5,95,no
603,30026fe1-f3c3-4e24-ad6f-300b100dbdd0,KXACPI-2025-6.0,1,2025-07-01T15:21:00.084942Z,6,94,yes
604,b8f1dd67-b368-445a-a6d7-f258053daec0,KXACPI-2025-6.0,200,2025-06-27T00:02:16.019691Z,6,94,no
605,4064c4bf-b8d3-4fba-b167-fcb28189779f,KXACPI-2025-6.0,400,2025-06-27T00:02:16.019691Z,5,95,no
606,3773e38c-6875-4377-97bc-dba39d4abe79,KXACPI-2025-6.0,315,2025-06-27T00:02:16.019691Z,6,94,no
607,fd698621-f52c-485a-90b8-a44c4123e3bf,KXACPI-2025-6.0,65,2025-06-24T04:53:08.407621Z,6,94,no
608,38425d34-a689-4810-9804-7e0d0f2f2db8,KXACPI-2025-6.0,185,2025-06-24T04:53:08.407621Z,6,94,no
609,0f845991-6409-407d-9db8-8c4f18a333da,KXACPI-2025-6.0,67,2025-06-22T23:07:32.245596Z,7,93,yes
610,5d25c5a0-60bb-4f22-8ae8-5531b1b43d44,KXACPI-2025-6.0,5,2025-06-22T00:29:01.914057Z,6,94,yes
611,28e85982-72d3-475b-b9ba-c29d2bdda530,KXACPI-2025-6.0,430,2025-06-22T00:29:01.914057Z,6,94,yes
612,a9c0681f-09e3-4340-897d-6e2a4023ca1b,KXACPI-2025-6.0,500,2025-06-22T00:28:54.07978Z,6,94,yes
613,e8483d22-6fc8-4d89-b16b-0a65d10fd82f,KXACPI-2025-6.0,300,2025-06-13T05:56:47.805387Z,3,97,yes
614,c0bdddd4-a910-4b7b-843f-ce943b648172,KXACPI-2025-6.0,5,2025-06-13T05:56:47.805387Z,3,97,yes
615,e655d823-d167-4036-b4c7-d5083e70569b,KXACPI-2025-6.0,300,2025-06-13T05:15:54.178138Z,2,98,yes
616,cfaa09b8-7498-41da-b641-d2449e879a71,KXACPI-2025-6.0,30,2025-05-26T21:15:44.100823Z,3,97,yes
617,2cacaa67-6405-48a0-8037-aeff4477d0a7,KXACPI-2025-6.0,4,2025-05-23T18:10:36.43972Z,7,93,no
618,d6984b89-663e-495d-b330-a8ae7e263acd,KXACPI-2025-6.0,30,2025-05-23T18:10:36.309258Z,9,91,no
619,dec2a850-0ea3-4e0a-b71c-860580a8dbd6,KXACPI-2025-6.0,250,2025-05-23T15:41:48.905422Z,10,90,yes
620,ae01fbda-a6e5-4a78-a58e-b5a021f9b1aa,KXACPI-2025-6.0,77,2025-05-23T15:41:48.905422Z,13,87,yes
621,72ee59aa-c43e-4efb-a8c1-e418af007bab,KXACPI-2025-6.0,106,2025-05-23T15:41:48.905422Z,9,91,yes
622,1b87e5ba-38d5-4392-8e46-d9e5a1e05041,KXACPI-2025-6.0,20,2025-05-23T15:41:48.905422Z,10,90,yes
623,1b693385-e88d-46f6-85d7-e94cecab004e,KXACPI-2025-6.0,4,2025-05-23T15:41:48.905422Z,11,89,yes
624,1c6d93e6-e0d6-4cc3-b551-6871565ba91b,KXACPI-2025-6.0,1,2025-05-15T17:57:10.927977Z,8,92,no
625,6639966e-7fd3-453c-8c7a-771f355013fa,KXACPI-2025-6.0,94,2025-05-14T03:17:47.56259Z,8,92,no
626,bf7cbad7-de82-4f73-ad3a-43f70484b6eb,KXACPI-2025-6.0,106,2025-05-12T12:06:16.597822Z,8,92,no
627,392bef59-e428-4cad-81e3-630f8b8f1d5d,KXACPI-2025-6.0,200,2025-05-09T05:55:03.402796Z,9,91,no
628,0edddbf0-6bf5-40b5-bf68-f0624b245044,KXACPI-2025-6.0,94,2025-04-24T23:33:47.146983Z,12,88,yes
629,2f9bcc42-2e5c-4490-a530-c53418a7ad04,KXACPI-2025-6.0,50,2025-04-19T15:53:45.127372Z,9,91,no
630,d39b4179-8d7e-4187-ad12-75e08281a62b,KXACPI-2025-6.0,3,2025-04-13T05:19:54.994926Z,13,87,yes
631,358f6c9e-d30a-4172-9f33-34e416137431,KXACPI-2025-6.0,997,2025-04-13T05:19:54.994926Z,13,87,yes
632,fff9ac68-9e8c-4c4f-bee4-96ee5602a508,KXACPI-2025-6.0,123,2025-04-09T06:28:55.229095Z,12,88,yes
633,e1436398-e6e9-4839-af32-a455e1746e27,KXACPI-2025-6.0,560,2025-04-09T06:28:55.229095Z,11,89,yes
634,d40ff3af-82fe-43ad-b8a9-191b65d3adb8,KXACPI-2025-6.0,11,2025-04-09T06:28:55.229095Z,11,89,yes
635,7b23dc0c-a10c-4904-b5c3-c4cd6485e63b,KXACPI-2025-6.0,150,2025-04-09T06:28:55.229095Z,11,89,yes
636,95570687-399d-49a4-8b28-0206ae355f02,KXACPI-2025-6.0,50,2025-04-08T14:55:27.742758Z,9,91,no
637,4b19f79a-59bc-4d3d-913f-ebe8796edd55,KXACPI-2025-6.0,40,2025-04-03T13:25:16.038014Z,8,92,no
638,8f72cfe2-6eca-475f-95a6-cce5485fe16e,KXACPI-2025-6.0,100,2025-04-03T03:34:14.630088Z,8,92,yes
639,32d6cc54-9808-48c3-b44d-a5e409da96c9,KXACPI-2025-6.0,150,2025-04-03T03:34:14.630088Z,7,93,yes
640,f50fb98c-5f6b-4af1-a315-80b309a0458e,KXACPI-2025-6.0,500,2025-04-02T05:11:02.830377Z,5,95,no
641,32079329-74c5-4bf8-8fa9-3d76b3893756,KXACPI-2025-6.0,250,2025-03-04T14:31:06.811902Z,5,95,no
642,7bc743f8-117a-4d84-beb2-06be3bb7675f,KXACPI-2025-6.0,200,2025-02-27T16:25:39.765124Z,7,93,no
643,258d878c-6a55-426f-bfc2-a04533ba15f8,KXACPI-2025-6.0,50,2025-02-27T15:45:17.756042Z,7,93,no
644,bcf7c6de-f913-44bc-bddf-e057f71912c4,KXACPI-2025-6.0,10,2025-02-17T18:03:47.034482Z,9,91,yes
645,957be1d3-8200-43cc-b68a-108d343d2c0e,KXACPI-2025-6.0,250,2025-02-15T23:35:24.579995Z,4,96,no
646,1448b8f3-8ffe-43cc-af1e-ae224a80ca67,KXACPI-2025-6.0,50,2025-02-14T07:45:21.932442Z,7,93,no
647,5d0996ce-44ce-434d-bfdc-b2cd913807ed,KXACPI-2025-6.0,40,2025-02-01T21:27:45.620771Z,6,94,yes
648,80db2596-c5e1-48de-8570-9995c0bdca8a,KXACPI-2025-6.0,10,2025-01-15T07:16:32.961751Z,6,94,yes
649,fdc05c09-0b5e-4821-8c6c-78bb67c3f4c6,KXACPI-2025-6.0,200,2025-01-08T15:59:53.504851Z,5,95,yes
650,c75e4519-4d8c-445e-9480-44959d0e6327,KXACPI-2025-6.0,50,2024-12-30T00:08:41.196427Z,6,94,yes
651,5a9b09e2-58b3-4836-8940-59ad35372708,ACPI-24-C1.0,175,2024-10-17T12:52:18.04634Z,1,99,yes
652,a2bf47cc-28c0-48dc-ac38-9dbb03a13afa,ACPI-24-C1.0,74,2024-10-17T12:52:00.77753Z,1,99,yes
653,9e0d3157-560d-4d0a-b3af-3a68b6ad56df,ACPI-24-C1.0,234,2024-10-17T12:52:00.77753Z,1,99,yes
654,824b25d6-1b4d-42cc-913f-00a0918ade00,ACPI-24-C1.0,244,2024-10-17T12:52:00.77753Z,1,99,yes
655,7432b8a5-cad0-4d46-8b77-fdb4128f8c69,ACPI-24-C1.0,74,2024-10-17T12:52:00.77753Z,1,99,yes
656,373f0780-33ad-4bdc-a8ac-b79a9cc34ed1,ACPI-24-C1.0,74,2024-10-17T12:52:00.77753Z,1,99,yes
657,93a08eb5-b8b6-4fcb-9f79-1fe693beb8d4,ACPI-24-C1.0,2,2024-10-01T03:33:25.477402Z,1,99,yes
658,44c26008-394d-4d8d-b583-5f71abc417c7,ACPI-24-C1.0,2,2024-09-25T22:48:29.250722Z,1,99,yes
659,2d9e51d7-8063-4219-a53b-faa48b79936a,ACPI-24-C1.0,100,2024-09-09T14:53:56.46146Z,1,99,yes
660,85cf377d-e5ad-4024-91c1-d1caf956cadf,ACPI-24-C1.0,138,2024-08-30T00:55:29.733432Z,1,99,no
661,24cd75b5-d6fc-4f8c-906e-13a95a1ddaf6,ACPI-24-C1.0,2,2024-08-28T15:20:49.249411Z,1,99,no
662,df968b8b-edca-43ea-9186-c6253a037ecd,ACPI-24-C1.0,1,2024-08-24T03:35:55.432627Z,2,98,yes
663,a0932540-d1da-4b49-8187-0958cff3f00e,ACPI-24-C1.0,290,2024-08-22T21:20:34.579245Z,1,99,no
664,612dd4eb-dbde-40b3-a5e2-613f72fce381,ACPI-24-C1.0,7,2024-08-21T18:48:22.911079Z,1,99,yes
665,6d9dbe12-1f3a-49ec-8b51-19c351bed1a0,ACPI-24-C1.0,700,2024-08-15T23:45:09.521275Z,1,99,yes
666,33660cfb-8cb0-46e6-b317-c746487a9b28,ACPI-24-C1.0,300,2024-08-05T13:43:08.382776Z,3,97,no
667,02819d42-4197-4900-9f72-1ff632d1f87e,ACPI-24-C1.0,700,2024-08-05T13:42:55.050186Z,3,97,no
668,54d7196b-2352-4867-b3ec-7f021312e196,ACPI-24-C1.0,1,2024-08-05T12:16:16.187105Z,2,98,yes
669,199e26d1-069c-4a80-a568-44eafc7a611c,ACPI-24-C1.0,100,2024-08-05T12:16:16.187105Z,3,97,yes
670,d19a022f-26af-4321-9b0b-9174fb2d69f7,ACPI-24-C1.0,1,2024-08-02T19:01:56.189997Z,1,99,yes
671,0d0c4b5d-7e86-4c3a-aedb-dba99f8898db,ACPI-24-C1.0,38,2024-07-13T15:27:25.698028Z,1,99,yes
672,3cf8e783-4f22-4ef3-a01b-ab483e4cb936,ACPI-24-C1.0,11,2024-07-12T19:29:21.616314Z,1,99,no
673,405e3882-2f76-44a6-934a-7ebcf167240d,ACPI-24-C1.0,14,2024-07-03T03:07:23.870782Z,1,99,no
674,ce1c924e-c20f-466c-9ac6-90d2704fffd5,ACPI-24-C1.0,1,2024-06-17T02:47:08.823942Z,2,98,yes
675,81602935-32d4-4653-a7c5-5665dec301df,ACPI-24-C1.0,1500,2024-06-17T02:47:08.823942Z,2,98,yes
676,337ba3d3-520c-49fd-b7dd-b3835db10beb,ACPI-24-C1.0,1000,2024-06-17T02:47:08.823942Z,2,98,yes
677,e81f42eb-178f-4d63-8b07-2814d9c21a4f,ACPI-24-C1.0,39,2024-06-17T02:46:50.306742Z,1,99,yes
678,8aae0b22-9d68-49da-9034-14b546c8bcc0,ACPI-24-C1.0,1,2024-06-17T02:46:50.306742Z,1,99,yes
679,1b243cd9-d504-4f42-b209-ba32f1246e0c,ACPI-24-C1.0,63,2024-06-15T17:13:41.775341Z,1,99,no
680,aff346c1-5980-476d-b681-f0ee780f9c08,ACPI-24-C1.0,400,2024-06-14T17:31:46.42833Z,1,99,no
681,1aa77101-4096-4c56-a2eb-ce1da7ab0823,ACPI-24-C1.0,10,2024-06-14T13:50:29.458596Z,1,99,no
682,e5bf6206-6051-43b9-89e1-e26fc6fc4981,ACPI-24-C1.0,10,2024-06-14T00:55:49.637664Z,1,99,no
683,4b4d8ed4-2f00-436a-b0a9-f3b98d5bf1bf,ACPI-24-C1.0,200,2024-06-13T16:59:29.843284Z,1,99,no
684,3b0644ed-3fb7-481d-8b69-a7899a8b0377,ACPI-24-C1.0,450,2024-06-13T16:57:40.121747Z,1,99,no
685,858d1c5f-6f56-4c9c-a6bd-827c45535fbb,ACPI-24-C1.0,700,2024-05-15T12:58:07.577091Z,1,99,no
686,e48d52d1-d6b7-4f73-a208-7d16a2056318,ACPI-24-C1.0,51,2024-04-28T17:01:12.214887Z,1,99,no
687,5ebe40f6-66fe-48e1-84e5-efe3a74625e2,ACPI-24-C1.0,6,2024-04-24T02:08:35.347367Z,1,99,no
688,f7519089-08e8-40b9-adcc-bbedc508cb23,ACPI-24-C1.0,10,2024-04-22T14:32:58.274733Z,1,99,no
689,f4c71732-6f29-4e14-aa68-d15b4065c7fb,ACPI-24-C1.0,100,2024-04-13T20:47:17.691932Z,1,99,no
690,5127ccf9-a9c3-499a-9798-85f8479a4e05,ACPI-24-C1.0,342,2024-04-05T20:57:55.273713Z,3,97,yes
691,d4bff260-513d-469e-b3fe-0dfa662c389a,ACPI-24-C1.0,10,2024-03-28T20:20:33.58195Z,5,95,yes
692,36ec3c7c-e2a2-4d71-8281-8c60d12a7a09,ACPI-24-C1.0,240,2024-03-28T20:20:33.58195Z,6,94,yes
693,b4489796-7bb8-4486-bf2b-2dc1278376fc,ACPI-24-C1.0,49,2024-03-26T12:45:41.665952Z,3,97,no
694,b98801fb-1d9f-4f45-82db-1659f77b9e9e,ACPI-24-C1.0,300,2024-03-26T12:44:53.671308Z,3,97,no
695,19ccd17b-e991-4182-81ed-7f6264cf1fd3,ACPI-24-C1.0,10,2024-03-26T12:44:46.223034Z,3,97,no
696,a02a18ed-8964-4907-84dd-4a3412762f31,ACPI-24-C1.0,10,2024-03-26T12:44:34.019892Z,3,97,no
697,6032f4ee-d8d0-4449-b2f9-ecad8f7ca797,ACPI-24-C1.0,10,2024-03-26T12:44:21.469358Z,3,97,no
698,fc4406cc-6f05-4db6-9de6-be09f1a4c1a0,ACPI-24-C1.0,10,2024-03-26T12:44:08.957003Z,3,97,no
699,05545edc-4168-4093-a500-d7c98f4b3791,ACPI-24-C1.0,1140,2024-03-26T12:03:53.999074Z,4,96,no
700,ead3a9e0-ff41-49ec-9442-1217f19ec059,ACPI-24-C1.0,10,2024-03-25T19:33:16.333626Z,4,96,no
701,5009bba7-8aa5-4e3c-9e02-12b9c66f00f6,ACPI-24-C1.0,401,2024-03-25T17:29:49.748225Z,4,96,no
702,acc25156-8fc3-4329-825a-5e985d757ec2,ACPI-24-C1.0,1,2024-03-25T17:29:49.587291Z,4,96,no
703,468fb598-1c47-4014-b079-498791929b92,ACPI-24-C1.0,149,2024-03-25T16:43:03.835972Z,4,96,yes
704,eb03f53f-75a7-4c27-86df-b86158327f00,ACPI-24-C1.0,600,2024-03-23T16:28:02.722643Z,3,97,no
705,b5480dd3-d8ac-4931-90a0-be748081ea01,ACPI-24-C1.0,89,2024-03-22T21:16:44.635131Z,3,97,no
706,4f9f1e5c-e331-419e-9845-c164873c17e6,ACPI-24-C1.0,10,2024-03-22T21:16:44.031322Z,3,97,no
707,e5949489-f478-453e-b5d4-76f375422cf9,ACPI-24-C1.0,1,2024-03-22T15:26:49.79395Z,4,96,yes
708,2c2f7bae-e391-4b4c-811c-751c68fb9f94,ACPI-24-C1.0,2400,2024-03-15T13:46:39.7184Z,3,97,no
709,df54981b-ae16-41cb-9db6-0a82071bed4f,ACPI-24-C1.0,35,2024-03-15T12:21:18.430238Z,1,99,no
710,51ba09e6-0e4f-44f3-b1f5-7141733d3634,ACPI-24-C1.0,102,2024-03-15T12:17:56.131512Z,1,99,no
711,6ed3dbae-fb46-4cd4-a51e-ffedecb25a1e,ACPI-24-C1.0,224,2024-03-15T12:17:29.386028Z,1,99,no
712,ad7dd180-ad64-422a-9018-87e106120938,ACPI-24-C1.0,21,2024-03-15T12:17:22.890486Z,1,99,no
713,369f35cd-8c7f-4f83-888d-eed792692df4,ACPI-24-C1.0,379,2024-03-15T12:17:20.412453Z,1,99,no
714,58c2c6c8-2ca4-4dcd-9163-2b752fc4f1ce,ACPI-24-C1.0,304,2024-03-15T12:17:14.225434Z,1,99,yes
715,396965e9-001c-44d8-ba04-197373dcbd03,ACPI-24-C1.0,179,2024-03-15T12:17:11.136229Z,1,99,no
716,34494920-798e-43bb-b802-bb27b2da26ce,ACPI-24-C1.0,351,2024-03-15T12:17:11.108321Z,1,99,no
717,c72f1d56-53b8-4993-8de3-c8a9be6e58ae,ACPI-24-C1.0,494,2024-03-15T12:17:03.388375Z,1,99,no
718,2c51d0bc-a6d6-4154-8b6a-989695658680,ACPI-24-C1.0,495,2024-03-15T12:17:03.045176Z,1,99,no
719,17fb309d-53ff-4593-a616-423dadc86bff,ACPI-24-C1.0,9,2024-03-12T20:03:20.705464Z,4,96,yes
720,a99490a2-6b79-4646-9d6e-dbf8a49c404c,ACPI-24-C1.0,9,2024-03-12T19:55:40.744472Z,4,96,yes
721,ca0262d8-01a4-4bfa-ba03-ab495c1e28e3,ACPI-24-C1.0,1,2024-03-12T19:55:08.056044Z,4,96,yes
722,a482fadc-d9b4-4e11-9547-f02241e47204,ACPI-24-C1.0,8,2024-03-12T19:55:06.920844Z,4,96,yes
723,b36c1cf5-6d99-4cd4-841b-9773d98dcc2d,ACPI-24-C1.0,300,2024-03-12T17:17:52.601959Z,4,96,yes
724,90f9e045-8399-4d6d-89a8-974cc0b7e42a,ACPI-24-C1.0,100,2024-03-12T17:17:52.601959Z,4,96,yes
725,393ee558-b6fa-416b-8b46-c9e88b7f2044,ACPI-24-C1.0,750,2024-03-12T17:06:15.62766Z,3,97,no
726,eb8bf408-8ff0-45f3-833a-f1bbbd91fe4f,ACPI-24-C1.0,750,2024-03-12T17:06:15.614521Z,3,97,no
727,1d2009bd-1436-497e-b58d-bc364e5753ea,ACPI-24-C1.0,195,2024-03-12T17:06:15.573763Z,3,97,no
728,9c035572-9c1e-45ab-a7aa-c80eb41b5156,ACPI-24-C1.0,100,2024-03-12T17:06:15.551202Z,3,97,no
729,ba146227-cd34-43b1-b65b-e6d9e89f0965,ACPI-24-C1.0,590,2024-03-12T17:01:01.578878Z,3,97,no
730,3f43e9be-f9e9-42bb-9c1f-6d1a560b9a9e,ACPI-24-C1.0,10,2024-03-12T17:01:00.846417Z,3,97,no
731,b0e1049d-8873-4a1f-ba59-a9f4caaaccae,ACPI-24-C1.0,24,2024-03-12T16:39:08.336009Z,3,97,no
732,43c3bf54-aeab-4f38-8c7e-fd75e3f2d64c,ACPI-24-C1.0,938,2024-03-12T16:35:24.127561Z,3,97,no
733,e7b158da-4c44-4891-ac82-ff8a23748c9f,ACPI-24-C1.0,150,2024-03-12T16:35:21.629624Z,3,97,no
734,54273c2f-be76-4ecf-9d33-ec4b66a18d4a,ACPI-24-C1.0,80,2024-03-12T16:35:21.472163Z,3,97,no
735,9a0c3f29-c635-4e63-82c4-7f5cf3eac244,ACPI-24-C1.0,16,2024-03-12T15:07:59.604267Z,3,97,no
736,f90e087f-5a4e-469a-a10c-68f3e1dd38e3,ACPI-24-C1.0,12,2024-03-12T13:41:01.809121Z,3,97,no
737,9cd92293-b362-4913-a507-62477f61e047,ACPI-24-C1.0,38,2024-03-12T13:04:15.819559Z,3,97,no
738,2795bfd7-d0c4-43eb-9835-69b80648bc20,ACPI-24-C1.0,10,2024-03-12T13:02:51.86592Z,4,96,no
739,f4baddf9-b963-476c-b75b-9f99507d7402,ACPI-24-C1.0,1340,2024-03-12T13:02:46.656637Z,5,95,yes
740,aa96c94d-6647-4d2b-ac61-1022179f11ec,ACPI-24-C1.0,750,2024-03-12T13:02:46.656637Z,4,96,yes
741,2a9ab8dd-f9c0-4249-b56b-82b2400928aa,ACPI-24-C1.0,10,2024-03-12T13:02:46.656637Z,5,95,yes
742,74c9bedb-16e6-4f11-9d62-c3e6e93f9466,ACPI-24-C1.0,7,2024-03-12T12:47:25.528866Z,3,97,no
743,d5282e85-7336-4308-9138-e898e3581749,ACPI-24-C1.0,104,2024-03-11T19:53:12.982059Z,4,96,no
744,82bef01b-29aa-41cd-8cc5-5d0424a8fcc8,ACPI-24-C1.0,10,2024-03-11T18:23:33.757537Z,4,96,no
745,fbaf3c8e-d49b-4fdb-a343-37dfe0455c7b,ACPI-24-C1.0,2,2024-03-11T18:14:48.167418Z,4,96,no
746,3a10c45b-82b2-4616-828a-9f6e57350ca1,ACPI-24-C1.0,250,2024-03-11T17:47:35.881476Z,4,96,no
747,41f251c8-bd7c-45f7-8176-cb4f91765118,ACPI-24-C1.0,2100,2024-03-11T17:21:40.402284Z,4,96,no
748,7a9cc0b0-b61f-4273-baff-871288e2e916,ACPI-24-C1.0,10,2024-03-11T17:19:28.334368Z,4,96,no
749,88547ca0-341f-49b5-91c6-e64802827711,ACPI-24-C1.0,100,2024-03-11T15:59:38.018405Z,4,96,no
750,8a093c3f-a782-41fa-92b1-e497f6546f8f,ACPI-24-C1.0,1500,2024-03-11T15:57:29.258519Z,4,96,no
751,29089eb6-8ad6-451a-9ebc-cd26a0731bfa,ACPI-24-C1.0,402,2024-03-11T12:30:52.812597Z,4,96,no
752,41e4e23a-395b-4cb6-bcfd-0a7e7865fe7a,ACPI-24-C1.0,1,2024-03-11T12:06:51.556118Z,3,97,yes
753,2dfd0a9c-d95f-4033-bda2-ef81eb67df0b,ACPI-24-C1.0,200,2024-03-11T12:06:51.556118Z,3,97,yes
754,223c729a-3d2e-4f0f-92f8-28b701ee42d5,ACPI-24-C1.0,200,2024-03-11T12:06:51.556118Z,4,96,yes
755,107f23ce-af28-4c01-a493-f9decb9d4b5f,ACPI-24-C1.0,100,2024-03-11T12:06:51.556118Z,4,96,yes
756,f3cfc9e9-675c-4264-b0e9-ac28239a884d,ACPI-24-C1.0,11,2024-02-28T19:27:11.679256Z,2,98,no
757,e88458d0-c31f-4820-9bb3-238ab6d51f51,ACPI-24-C1.0,7,2024-02-28T19:27:11.679256Z,2,98,no
758,6b5b4152-9335-4ab7-a2aa-1ee931c35793,ACPI-24-C1.0,14,2024-02-26T16:52:58.558206Z,2,98,no
759,92004235-9286-4511-9e35-3bafd51dbffb,ACPI-24-C1.0,14,2024-02-26T16:52:58.543008Z,2,98,no
760,ad1aaabf-16d2-4164-bba9-567c2a5e33b2,ACPI-24-C1.0,17,2024-02-26T16:23:10.754853Z,2,98,no
761,fb2ecb2e-1cef-496a-b814-ca691d6f4e63,ACPI-24-C1.0,17,2024-02-26T16:20:13.020692Z,2,98,no
762,81e7faa7-40cb-44a6-b85b-18ead8444856,ACPI-24-C1.0,32,2024-02-26T15:57:26.855132Z,2,98,no
763,0d811ab1-dffd-415b-a011-fc5ea84d1212,ACPI-24-C1.0,10,2024-02-26T15:42:17.177804Z,2,98,no
764,140ef89e-9681-49a9-ae4e-7c00f2bd25f3,ACPI-24-C1.0,10,2024-02-26T15:42:17.158879Z,2,98,no
765,9f64f19b-e4b1-412f-82e0-2749fba34896,ACPI-24-C1.0,3394,2024-02-23T01:25:53.508472Z,3,97,yes
766,e93eb728-d648-4c28-88e4-06ce8ec0a613,ACPI-24-C1.0,300,2024-02-17T21:43:34.331927Z,1,99,no
767,4dfe7f4d-77be-4a11-b79e-e471ca0b5ae2,ACPI-24-C1.0,1,2024-02-17T18:39:16.814064Z,3,97,yes
768,7b605447-66da-4411-b81e-37df96e17ea8,ACPI-24-C1.0,100,2024-02-13T19:46:04.608847Z,3,97,no
769,c8251c93-782e-44ec-891d-af7dfc15a463,ACPI-24-C1.0,10,2024-02-13T19:04:22.367122Z,5,95,no
770,0d485582-1d6e-433c-8018-4afdb4755522,ACPI-24-C1.0,484,2024-02-13T19:04:22.367122Z,5,95,no
771,84e94f4e-8d2c-4693-9be4-07adf15a3384,ACPI-24-C1.0,16,2024-02-10T14:50:22.517239Z,5,95,no
772,796b372b-78ea-4520-bbaa-91fb65dc8a63,ACPI-24-C1.0,894,2024-02-10T14:49:15.125929Z,6,94,no
773,f50c529f-8006-4818-afb7-4b33f6c504de,ACPI-24-C1.0,490,2024-02-05T03:12:09.348373Z,7,93,yes
774,7afe327e-4219-49ff-b15f-7cc91eb84491,ACPI-24-C1.0,10,2024-02-05T03:12:09.348373Z,7,93,yes
775,c0e2a0b7-186c-40b3-be15-c1cfaf3e73da,ACPI-24-C1.0,10,2024-01-30T00:11:31.795218Z,6,94,no
776,68f25301-7c42-4150-90b2-9eea191ff848,ACPI-24-C1.0,96,2024-01-27T22:42:50.141143Z,6,94,no
777,382d54f9-b012-4db3-8acf-593c6a4ee386,ACPI-24-C1.0,4,2024-01-27T22:42:50.141143Z,6,94,no
778,a864a1c7-8eed-4146-9c76-6f30b4023ddd,ACPI-24-C1.0,3,2024-01-27T20:17:59.731114Z,6,94,no
779,3fd6341e-9dfb-40fa-b6ab-58c42739304c,ACPI-24-C1.0,3,2024-01-27T20:17:59.679621Z,6,94,no
780,3f63385b-d324-461f-83f3-ab23dcd8c3f3,ACPI-24-C1.0,10,2024-01-22T20:08:22.880148Z,7,93,yes
781,1fc40aeb-57fa-499f-8ba3-4f787573d462,ACPI-24-C1.0,500,2024-01-22T20:08:22.880148Z,8,92,yes
782,7032131f-af70-496d-81ab-41e7333c230c,ACPI-24-C1.0,1,2024-01-22T19:41:26.804664Z,5,95,no
783,397997e1-d170-421b-bac1-1292db45b4a0,ACPI-24-C1.0,1500,2024-01-22T17:40:39.233997Z,5,95,no
784,56d8dbc2-a1c9-4b29-b836-4a4f9d5f1fac,ACPI-24-C1.0,10,2024-01-22T03:21:31.251414Z,6,94,no
785,47117378-209c-4ce3-810d-0ee023ed1dbe,ACPI-24-C1.0,26,2024-01-16T16:51:42.622578Z,7,93,yes
786,914c8932-9ed3-4e47-a335-e2c3cbd2213a,ACPI-24-C1.0,1,2024-01-16T16:41:52.366493Z,6,94,yes
787,400faeff-fe69-4da2-b712-62dc1284a7de,ACPI-24-C1.0,127,2024-01-01T17:19:30.673548Z,10,90,yes
788,f9481c28-684f-462d-8a30-41c9b328c600,ACPI-24-C1.0,98,2024-01-01T17:15:51.646058Z,6,94,no
789,890e4273-a56d-46b3-8ac2-c8873b4ec6b0,ACPI-24-C1.0,25,2024-01-01T17:15:51.646058Z,6,94,no
790,45565904-c7e7-4e98-af41-99157c8bf51e,ACPI-24-C1.0,94,2023-12-31T17:29:47.938004Z,11,89,yes
791,e1b866bc-c4f3-44ed-be72-c6aaf5c8b7f3,ACPI-24-C1.0,94,2023-12-29T19:46:12.216628Z,10,90,yes
792,11f5e5bd-8688-45f6-aeaa-5ff09ce7282e,ACPI-24-C1.0,1,2023-12-28T23:52:20.734217Z,6,94,no
793,1387094c-4d0c-4f96-b1f5-e2fe75e1be1f,ACPI-24-C1.0,1,2023-12-28T00:32:12.346925Z,6,94,no
794,346a8e62-1f4b-4e70-b697-325797aa95ea,ACPI-24-C1.0,1,2023-12-23T18:49:07.84909Z,8,92,no
795,1dd68211-f053-4fdb-a51a-b65e9c43583b,ACPI-24-B1.5,100,2025-01-13T05:06:07.525974Z,1,99,yes
796,993de55a-3771-4b3c-935d-b3236b62e72d,ACPI-24-B1.5,42,2025-01-01T15:23:33.219179Z,2,98,yes
797,8a9e2b1a-6d53-40ea-9da1-784b22c2fe09,ACPI-24-B1.5,850,2025-01-01T15:23:33.219179Z,1,99,yes
798,86b04958-6574-4f25-8158-5b8e1a882596,ACPI-24-B1.5,12,2025-01-01T15:09:30.590342Z,1,99,yes
799,0e7ee5d9-7436-407d-9e84-85cf22eb62d7,ACPI-24-B1.5,38,2025-01-01T15:09:30.590342Z,1,99,yes
800,a1f174ee-3cff-412a-a442-a1583fa2ffae,ACPI-24-B1.5,547,2024-12-30T20:31:32.096585Z,1,99,yes
801,09b6771e-0da5-4df0-8e3b-8082d7b1f29d,ACPI-24-B1.5,388,2024-12-30T20:31:32.096585Z,1,99,yes
802,8ba35c08-ad9c-47c7-b7b1-d64516341ebe,ACPI-24-B1.5,1000,2024-12-30T06:35:37.272707Z,1,99,yes
803,d91cdce2-4659-49e0-a60f-fa172c59edf7,ACPI-24-B1.5,467,2024-12-27T03:09:31.215603Z,2,98,yes
804,202bbe73-bcfb-46db-b53c-899746cd718e,ACPI-24-B1.5,233,2024-12-27T02:46:41.541287Z,2,98,yes
805,34ebb7e6-5528-4d1f-ba20-ee53e0a22f35,ACPI-24-B1.5,233,2024-12-26T02:19:24.707672Z,2,98,yes
806,9851adcb-f2b0-4e50-a4ea-1bf4fa11fa5c,ACPI-24-B1.5,163,2024-12-15T17:35:36.705111Z,2,98,yes
807,655e813e-1e98-4568-8013-00e3577b55f8,ACPI-24-B1.5,141,2024-12-15T17:35:36.705111Z,1,99,yes
808,ca78260f-f696-412a-95d7-aa78f9dfffd9,ACPI-24-B1.5,34,2024-12-01T00:50:03.099936Z,2,98,yes
809,b2eaf4ff-c2d8-4a8b-8604-b9d381ed5753,ACPI-24-B1.5,25,2024-12-01T00:50:03.099936Z,1,99,yes
810,41240ccc-8ad2-4725-bf05-e028687fe620,ACPI-24-B1.5,935,2024-11-20T00:21:59.553436Z,2,98,yes
811,b279d0ea-0fc7-41f0-8b9c-60cc6302d305,ACPI-24-B1.5,100,2024-11-18T01:02:36.672422Z,1,99,no
812,a91e0b2a-674b-44e1-9b20-291a28c9fbf3,ACPI-24-B1.5,78,2024-11-04T22:41:55.615301Z,1,99,no
813,24c74124-f3d0-4b84-994e-123ec1f1f7a1,ACPI-24-B1.5,2,2024-11-03T20:03:28.512567Z,1,99,no
814,a0711161-be34-475a-8371-6c00c9c31efc,ACPI-24-B1.5,79,2024-10-25T04:45:06.625495Z,2,98,yes
815,31cebc90-9949-41bc-82a4-97552022adf5,ACPI-24-B1.5,259,2024-10-25T04:45:06.625495Z,3,97,yes
816,2f3afb71-c929-42fc-9bea-eaec04309c0d,ACPI-24-B1.5,36,2024-10-24T16:42:54.974411Z,1,99,no
817,82c0baf9-ba85-4a13-be78-2a3be86e336f,ACPI-24-B1.5,2,2024-10-24T01:46:00.336036Z,1,99,no
818,e21ea8ba-7b28-4aab-8574-a6383fd524b0,ACPI-24-B1.5,12,2024-10-23T20:53:29.485779Z,1,99,no
819,cd6408ce-01eb-41ae-92d7-248f1267ec86,ACPI-24-B1.5,50,2024-10-23T20:10:05.991925Z,2,98,yes
820,22691407-03fe-498f-9f07-4a07fe448249,ACPI-24-B1.5,1,2024-10-15T21:35:11.66102Z,1,99,no
821,03ee81fe-4bad-42b0-9589-3bc384f4b1d3,ACPI-24-B1.5,1,2024-10-15T21:35:11.66102Z,1,99,no
822,4c0cf112-0f0e-4835-97ad-8b4aad2e685d,ACPI-24-B1.5,1,2024-10-10T03:15:09.442444Z,4,96,no
823,57f29c8b-6da5-42f0-bee6-57aefdfb4da9,ACPI-24-B1.5,5,2024-10-07T16:47:57.563477Z,3,97,yes
824,8a64a5f1-339e-4c5e-b53a-ba37b9684f8d,ACPI-24-B1.5,514,2024-10-02T01:06:26.704269Z,1,99,no
825,62667344-5823-49c2-9088-752c138b2f7a,ACPI-24-B1.5,200,2024-10-02T01:05:21.799729Z,1,99,no
826,521bd097-9919-4122-8f95-6098e54ae8c4,ACPI-24-B1.5,49,2024-10-01T19:09:58.340415Z,1,99,no
827,a9fa0eea-990a-4ec1-8b52-9f0849e0130a,ACPI-24-B1.5,1,2024-10-01T03:33:14.256327Z,5,95,yes
828,734a7192-d823-478a-b2cb-76f252c5183b,ACPI-24-B1.5,29,2024-09-27T14:02:12.678972Z,1,99,no
829,ae06aa7f-d902-444b-8d6a-512a4dcf5bec,ACPI-24-B1.5,6,2024-09-26T14:09:40.662416Z,1,99,no
830,b8cb1335-d36c-41af-a724-7bec231c7ef4,ACPI-24-B1.5,29,2024-09-26T14:09:26.290393Z,1,99,no
831,d763bf6a-3427-441e-9c7c-703fe6d1ed42,ACPI-24-B1.5,1,2024-09-25T22:49:25.670265Z,1,99,no
832,fc6c7612-af4b-450c-a4d3-6af5bef8e8d6,ACPI-24-B1.5,1,2024-09-25T22:48:59.416487Z,6,94,yes
833,ae3dd028-0d77-4fc7-9557-75e1583bbaed,ACPI-24-B1.5,13,2024-09-20T18:47:00.990415Z,2,98,no
834,9c23445f-51fb-4abc-9ee3-95aa41a3ec32,ACPI-24-B1.5,5300,2024-09-20T17:46:15.50292Z,1,99,yes
835,9e03bbd4-9b54-40f2-83e7-09ed2bf89bf9,ACPI-24-B1.5,500,2024-09-20T17:45:14.412729Z,1,99,no
836,15324219-4ac6-4521-8c56-83dfc993c2c5,ACPI-24-B1.5,600,2024-09-20T17:45:03.21914Z,2,98,no
837,dc18c9cf-4f28-4ae9-a22a-65e2635aeb76,ACPI-24-B1.5,200,2024-09-20T17:15:38.423123Z,3,97,no
838,efbc9b73-d913-40dd-85ef-851076d98391,ACPI-24-B1.5,1,2024-09-16T00:19:09.707159Z,3,97,no
839,89082bdd-6774-42fe-ba20-921ce1d5fbae,ACPI-24-B1.5,40,2024-09-12T21:15:53.222221Z,3,97,no
840,47643ee0-5bfc-4d62-bd32-ff1b0a57a656,ACPI-24-B1.5,20,2024-09-12T20:52:21.70004Z,6,94,yes
841,cf989ef8-c64c-4f7e-8d75-c51ff8d78f75,ACPI-24-B1.5,113,2024-09-10T16:15:32.752712Z,4,96,no
842,48663e5b-b312-4b01-b91b-2a3070bd0f25,ACPI-24-B1.5,37,2024-09-09T20:44:18.547519Z,5,95,yes
843,d78f0979-045d-4e5e-a8e2-ebd63da3c70e,ACPI-24-B1.5,445,2024-08-30T00:55:29.855253Z,5,95,no
844,9988b2e3-755e-425c-b6b5-d01bcafbdd29,ACPI-24-B1.5,74,2024-08-30T00:55:29.826223Z,5,95,no
845,1ae5a8e1-6436-441a-a52d-c22f875b673b,ACPI-24-B1.5,74,2024-08-30T00:55:29.812696Z,5,95,no
846,9f317a01-0ffe-4fc7-86c9-5434910886ab,ACPI-24-B1.5,74,2024-08-30T00:55:29.739961Z,5,95,no
847,eb808409-7c47-4c66-98c3-704ac8f94f80,ACPI-24-B1.5,476,2024-08-30T00:55:29.727264Z,5,95,no
848,27cff8f0-6c80-406a-b457-a794076cfeaa,ACPI-24-B1.5,2,2024-08-28T15:20:49.302204Z,5,95,no
849,9af23137-6041-4f12-9144-db84e097bdef,ACPI-24-B1.5,150,2024-08-23T16:47:26.167836Z,5,95,no
850,a4c1fa22-9290-4a25-af38-43ef2c39edf4,ACPI-24-B1.5,5,2024-08-23T16:36:39.470198Z,5,95,no
851,cce6c4d3-825a-460c-8791-e4327f1d8a4a,ACPI-24-B1.5,140,2024-08-22T21:20:34.579973Z,6,94,no
852,af997660-af94-4bed-87cb-354e9b0e37a8,ACPI-24-B1.5,150,2024-08-22T21:20:34.579973Z,6,94,no
853,c2ba15b7-4edf-4483-9418-027eb798be30,ACPI-24-B1.5,100,2024-08-21T18:47:56.047697Z,6,94,no
854,8cedc868-4419-4f63-84be-e33d44b76c48,ACPI-24-B1.5,150,2024-08-21T18:47:42.919303Z,8,92,yes
855,039227a2-0714-4b63-8608-2da6d0218b2d,ACPI-24-B1.5,150,2024-08-21T18:47:42.919303Z,8,92,yes
856,d8fd6aa1-5a59-4c61-b8f3-be05bd14b21e,ACPI-24-B1.5,100,2024-08-21T17:55:04.551045Z,6,94,no
857,75a51cb4-d5ec-4ac8-8e36-047905521df5,ACPI-24-B1.5,150,2024-08-21T17:54:54.023401Z,7,93,yes
858,9152513b-c381-4889-8b37-8b6e95d91a5d,ACPI-24-B1.5,120,2024-08-21T02:41:57.133681Z,6,94,no
859,e86d2c29-df6d-4afe-bac2-8c7242f36d5f,ACPI-24-B1.5,500,2024-08-21T02:41:57.06089Z,6,94,no
860,3de3408e-6f15-4ac2-b58a-d74fa1595598,ACPI-24-B1.5,20,2024-08-21T01:24:23.391325Z,6,94,no
861,35d12e8a-daaf-48b3-8a2c-fd9404bf656d,ACPI-24-B1.5,20,2024-08-21T01:24:23.365968Z,6,94,no
862,bde1dffa-1fb4-4f8b-ba20-2cac7cf1a0ad,ACPI-24-B1.5,210,2024-08-16T23:15:06.514896Z,3,97,no
863,909bcb74-0e8a-4302-a1bb-488aa39f3711,ACPI-24-B1.5,161,2024-08-15T14:46:35.438885Z,5,95,no
864,5a061fc8-17e3-49f4-a578-cf855faa0916,ACPI-24-B1.5,24,2024-08-14T18:54:51.423235Z,5,95,no
865,5efaa83d-26b5-4cd7-8ed2-302b3d83b2d3,ACPI-24-B1.5,12,2024-08-14T12:29:39.262249Z,5,95,no
866,edd9669a-4521-47bb-ba69-f0cb030c85a6,ACPI-24-B1.5,13,2024-08-14T12:24:49.757376Z,5,95,no
867,8293bb29-d18f-4915-8b25-b2edb1173dc1,ACPI-24-B1.5,1,2024-08-12T22:52:24.163469Z,5,95,no
868,c25bee74-c860-4ac7-98ee-67cb7a5f6d1c,ACPI-24-B1.5,109,2024-08-05T20:47:08.387638Z,10,90,no
869,85be69d6-862d-43e0-bb88-c7afb51fba98,ACPI-24-B1.5,109,2024-08-05T20:47:08.376447Z,10,90,no
870,bc21d674-1a75-4d16-bfe7-b976798f75be,ACPI-24-B1.5,10,2024-08-05T20:47:08.316154Z,10,90,yes
871,72c78006-9929-4c93-9645-b88db52f032f,ACPI-24-B1.5,150,2024-08-05T20:47:08.316154Z,9,91,yes
872,4feb8b52-15c2-4fcc-97a3-f5908be4560a,ACPI-24-B1.5,10,2024-08-05T20:47:08.316154Z,8,92,yes
873,b4e2055b-1a30-4f4b-bf58-8310cfdfb633,ACPI-24-B1.5,100,2024-08-05T20:45:59.514679Z,7,93,yes
874,07c5ae87-02ca-4427-9839-b4866502666f,ACPI-24-B1.5,100,2024-08-05T20:45:59.514679Z,7,93,yes
875,b9e26976-8847-4aca-b37b-94a16b5180e1,ACPI-24-B1.5,1,2024-08-05T19:29:58.325208Z,5,95,yes
876,93be1b57-0b75-49a7-8f46-567394f0a160,ACPI-24-B1.5,100,2024-08-02T19:02:10.330144Z,6,94,yes
877,865083ce-4cc7-45d9-86df-ce084ad90dc8,ACPI-24-B1.5,2000,2024-08-02T17:53:35.056061Z,6,94,yes
878,f480d501-524f-4f00-b01f-7f65b5234619,ACPI-24-B1.5,812,2024-08-02T17:34:24.705805Z,5,95,yes
879,1b3efe7a-1b0b-4255-97ff-af46a8cf3898,ACPI-24-B1.5,99,2024-08-02T17:34:24.705805Z,5,95,yes
880,36bd91f2-0018-4f7d-a390-ebc6cb36b8c5,ACPI-24-B1.5,500,2024-07-30T20:58:12.899069Z,3,97,no
881,e7ec64ab-b627-4ccb-8718-3696d61380b3,ACPI-24-B1.5,500,2024-07-30T20:58:12.840674Z,3,97,no
882,034825b0-1046-4922-9dfb-7a60bab4c45b,ACPI-24-B1.5,500,2024-07-30T20:58:12.743112Z,3,97,no
883,ffc1e33e-16f4-4abd-88c3-a15058dfc9df,ACPI-24-B1.5,88,2024-07-30T16:26:08.226287Z,2,98,yes
884,c9a369ba-9672-484b-9b4f-c66ef5a79d1c,ACPI-24-B1.5,1,2024-07-30T16:26:08.226287Z,3,97,yes
885,bfcadc62-8bf1-47a5-b33d-39e74061f214,ACPI-24-B1.5,500,2024-07-30T16:26:08.226287Z,3,97,yes
886,87f344fb-54d8-4056-af49-b9443ca5bad3,ACPI-24-B1.5,88,2024-07-30T13:53:03.187712Z,2,98,no
887,72278e08-0f75-4d74-aa0c-27b71ee04ca0,ACPI-24-B1.5,500,2024-07-30T13:53:02.911605Z,2,98,no
888,a88289e6-10b9-493d-b445-0a00265e201d,ACPI-24-B1.5,400,2024-07-25T20:41:39.965612Z,2,98,no
889,ade1345a-3996-44c2-accb-210d12511df9,ACPI-24-B1.5,200,2024-07-23T12:57:45.84585Z,2,98,no
890,35e68653-23d0-481b-a3fc-4378e5c4fb4f,ACPI-24-B1.5,250,2024-07-22T00:33:10.225742Z,3,97,no
891,ab5cb7e5-3ac3-4d2d-9f85-4bc2eb7d7da8,ACPI-24-B1.5,67,2024-07-20T17:05:30.229552Z,7,93,yes
892,4df2c471-bbcf-4140-adfa-283295d9b699,ACPI-24-B1.5,344,2024-07-18T15:04:20.399288Z,4,96,no
893,6ea617e6-db4b-4ae0-96fb-0ee4f655e4ea,ACPI-24-B1.5,13,2024-07-17T15:16:53.831227Z,5,95,no
894,eeefc76a-37d3-47ae-8732-6ebbeb7f23ba,ACPI-24-B1.5,10,2024-07-16T00:35:26.899792Z,5,95,no
895,bcc7b97a-ba7b-4fa4-9354-e7028afb7213,ACPI-24-B1.5,26,2024-07-14T15:04:03.699852Z,5,95,no
896,271be009-76a5-4a0a-af31-71661054d831,ACPI-24-B1.5,13,2024-07-14T13:37:28.703676Z,5,95,no
897,51091042-43f6-4740-b33d-febd6c2b96fc,ACPI-24-B1.5,1400,2024-07-13T15:28:24.967422Z,8,92,yes
898,06bc039e-71c6-401e-b45e-145589402852,ACPI-24-B1.5,2000,2024-07-13T15:26:44.427877Z,7,93,yes
899,29425820-d10e-4888-9251-029a751b4bc3,ACPI-24-B1.5,200,2024-07-13T15:26:34.404927Z,6,94,yes
900,4ecc6625-fac9-4c0d-92d4-5469c2330b4e,ACPI-24-B1.5,500,2024-07-12T20:53:21.730177Z,4,96,no
901,f184f21b-1c3f-407e-a551-74d7f6f9ec40,ACPI-24-B1.5,2000,2024-07-12T19:29:53.780151Z,5,95,yes
902,a48b4e11-dce4-4540-94dd-6d7fc8a89bf6,ACPI-24-B1.5,2000,2024-07-12T19:29:53.780151Z,6,94,yes
903,dce7b14b-e5a2-49a7-a8a7-e039cd1f8017,ACPI-24-B1.5,1298,2024-07-12T19:29:34.6381Z,5,95,no
904,d7e1f9ca-6e31-43d8-9929-3218ee8c61e9,ACPI-24-B1.5,546,2024-07-12T19:29:34.6381Z,4,96,no
905,205e3b6d-e9df-4233-9183-ae0386668f0c,ACPI-24-B1.5,156,2024-07-12T19:29:34.6381Z,4,96,no
906,f2bb305e-0357-40dc-a455-90ffafded878,ACPI-24-B1.5,49,2024-07-12T19:29:21.617148Z,5,95,no
907,0281094c-f80e-4fd3-bca4-9463662d76c3,ACPI-24-B1.5,149,2024-07-11T15:40:38.354814Z,6,94,no
908,39cfc296-3aaf-4372-af0e-09566b3727ac,ACPI-24-B1.5,1,2024-07-11T12:32:19.266169Z,6,94,yes
909,7d1761e6-5a53-4499-b93e-9af7ee638daf,ACPI-24-B1.5,14,2024-07-03T03:07:23.857995Z,5,95,no
910,3ddb1da4-2eb2-4650-b6b9-c532ad8b65cf,ACPI-24-B1.5,104,2024-07-02T00:20:57.103911Z,5,95,no
911,4bc794aa-d5bd-47ea-9056-f75d480c9c99,ACPI-24-B1.5,100,2024-06-25T03:57:17.107816Z,5,95,no
912,e34c689d-4565-4003-8900-537f8b68e8de,ACPI-24-B1.5,40,2024-06-25T03:19:04.032083Z,7,93,yes
913,725f8095-49bf-407b-869f-f127d82b54e1,ACPI-24-B1.5,65,2024-06-23T17:40:16.201314Z,5,95,no
914,1657a286-ecbc-43e8-80cb-22b2c5de74d7,ACPI-24-B1.5,85,2024-06-23T17:40:16.201314Z,5,95,no
915,96e83618-3e16-4855-b39b-4f34d17e3788,ACPI-24-B1.5,2,2024-06-20T18:09:40.22639Z,5,95,no
916,0b51c4ad-be5f-451d-8d63-c141a44855ae,ACPI-24-B1.5,13,2024-06-20T14:46:49.587244Z,7,93,yes
917,ef1911c4-032d-40e2-bec9-a26bb65ab365,ACPI-24-B1.5,30,2024-06-19T20:29:38.555787Z,5,95,no
918,1f89b8be-a8d0-45d5-9e94-8efad5bd2de8,ACPI-24-B1.5,33,2024-06-19T20:29:38.555787Z,5,95,no
919,dab360be-99b3-491d-b129-ae2cab77f090,ACPI-24-B1.5,1500,2024-06-17T02:33:49.115901Z,7,93,yes
920,2863afaf-b388-42a4-b715-282388403e3c,ACPI-24-B1.5,1500,2024-06-17T02:33:33.751Z,6,94,yes
921,54b194df-a7b2-4bd9-931a-b93f46aca429,ACPI-24-B1.5,51,2024-06-15T17:50:38.834685Z,4,96,no
922,f8a70cd7-56a6-4ee8-9940-bd2a59082e1b,ACPI-24-B1.5,102,2024-06-15T17:13:41.775852Z,4,96,no
923,8d3b80e7-528e-4766-b0d8-92792c7ed193,ACPI-24-B1.5,7,2024-06-15T15:49:00.936847Z,6,94,yes
924,64dfb2e8-3b17-4089-9ee9-a658f247a170,ACPI-24-B1.5,7,2024-06-15T12:06:49.69071Z,6,94,yes
925,ac4093a3-91e7-4be4-98c2-5889953c79c9,ACPI-24-B1.5,1000,2024-06-14T15:52:01.642481Z,5,95,yes
926,7a26e14d-9392-4d1b-a412-0aa7fae3392b,ACPI-24-B1.5,10,2024-06-14T13:50:29.457738Z,4,96,no
927,30000ae7-af1c-419e-8d3d-1cf43504eef2,ACPI-24-B1.5,10,2024-06-14T00:55:49.635575Z,4,96,no
928,1b30d3fe-b9e0-43f8-a79b-02aa67a797c8,ACPI-24-B1.5,500,2024-06-13T21:13:45.25192Z,5,95,yes
929,87de5beb-68bd-4584-8bf3-4f8a3853d752,ACPI-24-B1.5,78,2024-06-13T18:37:51.269938Z,5,95,yes
930,650768a1-85a7-4ea9-a79f-0f604abdc635,ACPI-24-B1.5,200,2024-06-13T16:59:29.842815Z,4,96,no
931,72d4a940-a46a-46e7-8cb0-bc1e4711e91c,ACPI-24-B1.5,600,2024-06-13T16:57:49.261837Z,4,96,no
932,545571bd-9c77-411a-bca2-a87c761d19fc,ACPI-24-B1.5,450,2024-06-13T16:57:40.122066Z,4,96,no
933,99e08cb8-3235-45f6-b4ed-2ca17ed90254,ACPI-24-B1.5,1500,2024-06-13T16:48:15.700239Z,4,96,no
934,0f3142d0-2749-4d73-a42c-53e3060e78c2,ACPI-24-B1.5,1500,2024-06-13T16:48:15.675565Z,4,96,no
935,d5c94848-836c-4552-89a6-dc9e11643bff,ACPI-24-B1.5,197,2024-06-13T13:55:48.942926Z,5,95,yes
936,8fe2ad62-f550-4306-9c08-f5e935fef49e,ACPI-24-B1.5,1,2024-06-13T13:55:34.712911Z,5,95,yes
937,18ae4357-1928-4372-850d-377a3eabd5a6,ACPI-24-B1.5,1,2024-06-13T13:55:29.029289Z,5,95,yes
938,09852799-40f3-47e7-84e1-05ba6384e442,ACPI-24-B1.5,1,2024-06-13T13:52:56.225738Z,5,95,yes
939,9042cb2d-9f5f-401f-ad9b-9c773209da2d,ACPI-24-B1.5,100,2024-06-13T13:51:49.751582Z,5,95,yes
940,0a0523a2-3f6c-4954-a2e7-6b3c6eb595ce,ACPI-24-B1.5,100,2024-06-13T13:51:30.377113Z,5,95,yes
941,d4c1244f-0972-472a-8da1-9784e442334c,ACPI-24-B1.5,187,2024-06-13T03:11:49.014571Z,5,95,yes
942,dee4aa43-ee86-4d66-b6f4-34706948ffa1,ACPI-24-B1.5,31,2024-06-13T02:32:35.463357Z,4,96,no
943,c2551328-0a9a-4600-846f-b36eeafbe0f8,ACPI-24-B1.5,1000,2024-06-12T18:28:45.988656Z,5,95,yes
944,ade27174-d4a5-4f00-bda5-fc12167bea30,ACPI-24-B1.5,600,2024-06-12T15:11:34.69634Z,4,96,yes
945,31c84193-0106-4b49-8a01-4fcc1e8577db,ACPI-24-B1.5,300,2024-06-12T15:11:34.69634Z,4,96,yes
946,2779e003-e909-433c-b66b-82af4bb52c4b,ACPI-24-B1.5,671,2024-06-12T15:11:34.69634Z,4,96,yes
947,25790cf8-6589-4176-a2e0-239d52d7c053,ACPI-24-B1.5,100,2024-06-07T18:06:58.812937Z,4,96,yes
948,1aaf4227-ec1a-4516-988d-691267658862,ACPI-24-B1.5,100,2024-06-05T02:27:14.325121Z,4,96,yes
949,b8540631-a3e0-4759-b369-72b555131837,ACPI-24-B1.5,10,2024-05-31T20:49:36.474836Z,4,96,yes
950,8aa9c971-916f-42be-b272-e3b8f56749c4,ACPI-24-B1.5,117,2024-05-19T23:44:44.985286Z,4,96,yes
951,0893beb0-9982-47a8-8694-566e2dbb9c6f,ACPI-24-B1.5,2,2024-05-15T14:40:05.725774Z,4,96,yes
952,71d0d9b4-3d65-44a0-9d8e-b94be7bd7bca,ACPI-24-B1.5,200,2024-05-15T12:58:16.823181Z,2,98,no
953,00dd1b11-ed72-4ba9-84c5-677975328779,ACPI-24-B1.5,14,2024-05-15T12:57:02.515676Z,3,97,no
954,dc69062c-1a4f-48a5-8ebd-e83c3f168b69,ACPI-24-B1.5,1,2024-05-14T18:25:36.543396Z,5,95,yes
955,bcd90d3c-dfe8-4694-8a8c-323674a04ee8,ACPI-24-B1.5,2,2024-05-06T14:33:41.768171Z,5,95,yes
956,5b9a25ed-720c-4d81-8c3e-f84c5e45445f,ACPI-24-B1.5,359,2024-05-03T15:49:56.075579Z,4,96,yes
957,dc0ab768-be3c-459d-9133-6713872dec5a,ACPI-24-B1.5,36,2024-05-02T13:27:12.807198Z,3,97,no
958,9e0904f5-721e-4bf7-a9c3-24ce59ea85e7,ACPI-24-B1.5,2,2024-04-28T17:11:09.120637Z,5,95,no
959,a623b7cb-3135-493f-ae8f-5daf781115b2,ACPI-24-B1.5,51,2024-04-28T17:01:12.106818Z,10,90,yes
960,82ae95ab-383d-4584-a837-8b8d7dcbedce,ACPI-24-B1.5,10,2024-04-28T17:01:12.106818Z,11,89,yes
961,3b6145f3-7097-4f19-99fd-9e4df53e7757,ACPI-24-B1.5,439,2024-04-28T17:01:12.106818Z,11,89,yes
962,273cb90a-a890-4c4a-a1f0-5f60ca66e16f,ACPI-24-B1.5,300,2024-04-28T16:59:02.358239Z,10,90,yes
963,f6de9aa9-2d0d-4bee-9aed-890d52d9f277,ACPI-24-B1.5,300,2024-04-27T14:48:21.221946Z,10,90,yes
964,25b1ae4b-434b-46cb-8962-ee4d291eb101,ACPI-24-B1.5,60,2024-04-26T16:58:09.933595Z,10,90,yes
965,2de15113-1f45-4426-a33c-a6ce80fd5f28,ACPI-24-B1.5,6,2024-04-24T02:08:35.35412Z,5,95,no
966,51349d27-53ba-4ab4-98c0-efc2fedfc049,ACPI-24-B1.5,28,2024-04-23T16:37:14.847793Z,10,90,yes
967,bdaa084c-73bb-4765-a3d6-3f2969e62770,ACPI-24-B1.5,200,2024-04-23T13:43:08.338809Z,9,91,yes
968,a0da6441-0d6c-4112-9183-9a68c732f351,ACPI-24-B1.5,150,2024-04-23T13:43:08.338809Z,9,91,yes
969,07fa47e6-392a-4239-8949-baa7f97c5bca,ACPI-24-B1.5,90,2024-04-22T19:15:00.844065Z,6,94,no
970,658651eb-96bc-4649-8245-5e0737f2030c,ACPI-24-B1.5,10,2024-04-22T14:32:58.275723Z,6,94,no
971,4ecc3fcf-00dc-4827-8eef-4ae1a4ed0f7d,ACPI-24-B1.5,2,2024-04-19T19:49:47.419411Z,5,95,no
972,9257b91b-a349-4019-9c23-29981d88ebff,ACPI-24-B1.5,10,2024-04-16T03:26:13.082191Z,8,92,no
973,ef595945-6fe8-4e7e-897c-8ab389d1e57c,ACPI-24-B1.5,90,2024-04-13T20:47:17.695508Z,8,92,no
974,46624caf-4fea-4e4d-9d93-a3392e8bf29d,ACPI-24-B1.5,10,2024-04-13T20:47:17.695508Z,8,92,no
975,8b31637f-5969-4b2d-b124-cf7564223d1b,ACPI-24-B1.5,1500,2024-04-12T16:32:38.449252Z,9,91,no
976,316cfe60-1470-49d6-ad23-dfc275103182,ACPI-24-B1.5,10,2024-04-12T16:32:38.449252Z,10,90,no
977,92ecebe5-f8fa-4c79-8d0e-9ef3fcad0680,ACPI-24-B1.5,72,2024-04-12T15:38:42.82331Z,13,87,yes
978,ca8cd19e-622f-4577-889f-5e948e30f272,ACPI-24-B1.5,29,2024-04-12T12:18:20.955114Z,13,87,yes
979,f689570b-4425-4bde-9083-668d9e20508e,ACPI-24-B1.5,36,2024-04-11T19:04:48.72729Z,13,87,yes
980,4547d5e5-2e61-4b22-bd48-477b18f49a9a,ACPI-24-B1.5,1,2024-04-11T14:20:48.554288Z,10,90,yes
981,71012175-fa4e-4709-9700-e0b970b8b98a,ACPI-24-B1.5,100,2024-04-11T03:31:58.55902Z,9,91,no
982,6223c78e-130e-42f8-91cb-e1889ad8f52f,ACPI-24-B1.5,1045,2024-04-10T15:52:53.508373Z,10,90,no
983,06e488d0-045b-48f4-ba5c-7fb086cff9e8,ACPI-24-B1.5,5,2024-04-10T14:12:34.51087Z,10,90,no
984,cbe59523-68a9-4569-8fa6-79e9459a806f,ACPI-24-B1.5,1,2024-04-10T14:05:13.182821Z,10,90,no
985,cb8ee60a-80fb-4dbe-92f4-19df17fe2af1,ACPI-24-B1.5,379,2024-04-10T14:05:13.182821Z,10,90,no
986,50c045af-4f22-413e-8816-c74b81bc05cc,ACPI-24-B1.5,300,2024-04-10T14:05:13.182821Z,11,89,no
987,6f0e95ad-473e-4334-b7d3-225a25acd945,ACPI-24-B1.5,87,2024-04-10T12:54:11.730828Z,11,89,no
988,834cb749-3cf2-4541-9597-b734ec714d17,ACPI-24-B1.5,4,2024-04-10T12:42:41.391087Z,11,89,no
989,3a358dea-1b12-4d13-acc9-150facbfda40,ACPI-24-B1.5,150,2024-04-10T12:33:01.98433Z,11,89,no
990,5d3bd225-87a7-4fe8-8fa6-e7fb70462de0,ACPI-24-B1.5,92,2024-04-10T12:32:53.653482Z,11,89,no
991,839b3753-2879-41c5-8a59-b64a9b5e39c5,ACPI-24-B1.5,10,2024-04-10T03:01:44.563178Z,11,89,no
992,44ea010e-9e9f-443b-90ac-5117fe62fd53,ACPI-24-B1.5,8,2024-04-10T01:58:03.566791Z,11,89,no
993,e51857df-0d28-4c65-aa96-8b93ade48797,ACPI-24-B1.5,48,2024-04-10T01:18:03.732271Z,11,89,no
994,5ff542f1-2e78-4f80-bd1a-c21cedbb0865,ACPI-24-B1.5,7,2024-04-10T01:18:03.732271Z,14,86,no
995,ce018245-5825-44c5-8047-d4b62c9dfde2,ACPI-24-B1.5,11,2024-04-10T01:17:08.99578Z,14,86,no
996,475d1696-e9d2-47f2-9803-1cd1423f3c80,ACPI-24-B1.5,10,2024-04-10T01:00:55.656066Z,14,86,no
997,afe14ccc-2e2e-4c35-bd61-a55c87e23108,ACPI-24-B1.5,1,2024-04-10T01:00:54.895802Z,14,86,no
998,9dcf88a2-4a7c-4221-8872-558dfd85b235,ACPI-24-B1.5,1,2024-04-10T00:51:16.429442Z,14,86,no
999,bc89f0f8-98bb-47c2-96a6-a20c93f2fdf6,ACPI-24-B1.5,10,2024-04-10T00:46:09.801562Z,14,86,yes
1000,36383243-92bd-479c-9a73-5cfbe7015ad5,ACPI-24-B1.5,10,2024-04-10T00:11:25.784081Z,11,89,no
1001,af0e3580-e171-4261-ae79-691d410e271a,ACPI-24-B1.5,4,2024-04-09T22:51:33.534339Z,15,85,yes
1002,e6526f19-1871-451a-b4aa-d39a0c9c6140,ACPI-24-B1.5,10,2024-04-09T22:21:29.645288Z,12,88,no
1003,5eff0701-5650-43ed-92e6-16a81106499d,ACPI-24-B1.5,9,2024-04-09T20:08:26.223163Z,14,86,yes
1004,4a9f5f23-88be-4b3d-8c67-1d12732fdb56,ACPI-24-B1.5,54,2024-04-09T20:08:26.223163Z,15,85,yes
1005,eb9c251e-a05a-49c9-ad39-d945afef13cc,ACPI-24-B1.5,21,2024-04-06T23:30:45.284949Z,11,89,no
1006,39ad0d93-c024-4d77-ad1c-e04606f63856,ACPI-24-B1.5,8,2024-04-06T14:48:50.155422Z,11,89,no
1007,00749b8e-2dd8-488b-b9f7-70e9ec7df2fd,ACPI-24-B1.5,1,2024-04-04T15:20:28.290179Z,14,86,yes
1008,9b558142-a3b5-45b1-ae87-195ea59f230f,ACPI-24-B1.5,150,2024-04-03T16:22:40.719603Z,13,87,no
1009,44ececf7-d2b1-49b6-adb9-4de0687d5467,ACPI-24-B1.5,1500,2024-04-03T16:22:40.719603Z,11,89,no
1010,803f857c-d69d-4ab0-84ae-9ea710aa4a66,ACPI-24-B1.5,75,2024-04-02T19:42:48.314291Z,13,87,no
1011,a7d252b2-6a2d-43f7-bcc2-d6e39dceed4b,ACPI-24-B1.5,31,2024-04-01T00:33:40.289006Z,15,85,yes
1012,fe4a9941-2a7e-47e9-b904-572e2f2d827f,ACPI-24-B1.5,500,2024-03-28T20:20:25.345092Z,15,85,yes
1013,7e421a6c-eb7c-471a-ae6c-538525f9f3bd,ACPI-24-B1.5,49,2024-03-26T12:45:41.67381Z,12,88,no
1014,f8515de5-e5b9-44a6-bfff-a05e655067d4,ACPI-24-B1.5,300,2024-03-26T12:44:53.679615Z,13,87,no
1015,7e379a93-bcfd-48a7-a80f-20424f323021,ACPI-24-B1.5,10,2024-03-26T12:44:46.234809Z,13,87,no
1016,45b33b4e-1871-4453-9e8f-dd419235dca5,ACPI-24-B1.5,10,2024-03-26T12:44:34.03054Z,13,87,no
1017,67d55518-1133-46a2-a953-73a564bef7ef,ACPI-24-B1.5,10,2024-03-26T12:44:21.478899Z,13,87,no
1018,aeb48299-4652-478e-a102-84a3bedd6f18,ACPI-24-B1.5,10,2024-03-26T12:44:08.962538Z,13,87,no
1019,7daf1a12-334c-4fcc-ac2f-7562ccf6176d,ACPI-24-B1.5,10,2024-03-25T19:33:16.343632Z,14,86,no
1020,4e1cf985-5448-4885-a0bb-34f7af9f437c,ACPI-24-B1.5,10,2024-03-25T19:33:15.746086Z,16,84,yes
1021,2f7ad2e2-ebe6-4623-b2da-905dd1f29ae5,ACPI-24-B1.5,46,2024-03-25T19:33:15.746086Z,17,83,yes
1022,f1f725d7-e140-4970-8dfa-e8dc2fc6562b,ACPI-24-B1.5,401,2024-03-25T17:29:49.741386Z,13,87,no
1023,bc80cab3-f6ba-459a-9834-4c5b0f785085,ACPI-24-B1.5,1,2024-03-25T17:29:49.592803Z,13,87,no
1024,6cbc962d-e676-4fc4-810d-ca936ebdf3c4,ACPI-24-B1.5,89,2024-03-22T21:16:44.638277Z,13,87,no
1025,90f578e8-b505-431f-ada7-19dce0dff59a,ACPI-24-B1.5,10,2024-03-22T21:16:44.078225Z,14,86,no
1026,c478f71a-4948-4963-9c22-fe930d08171a,ACPI-24-B1.5,1,2024-03-22T21:03:07.143878Z,19,81,yes
1027,47cd0b19-eb43-487e-a84f-c4f070af7662,ACPI-24-B1.5,10,2024-03-22T21:03:07.143878Z,18,82,yes
1028,4e8acf16-59db-43dd-8e0c-540323c64bcf,ACPI-24-B1.5,2,2024-03-20T21:22:37.476987Z,13,87,no
1029,b54de1a5-b59b-4c11-b859-7329cfba35bf,ACPI-24-B1.5,100,2024-03-20T14:53:32.735551Z,13,87,no
1030,eaa6eafc-dd81-4cac-8a50-600d1cb21ad6,ACPI-24-B1.5,10,2024-03-18T17:59:49.153872Z,17,83,yes
1031,c7c8ec86-c10a-4541-9dad-b1d36e3f98c9,ACPI-24-B1.5,2,2024-03-16T21:02:38.812623Z,7,93,no
1032,24c8ec15-1723-4a39-aeae-36b6069c69a7,ACPI-24-B1.5,100,2024-03-15T14:20:54.026749Z,11,89,no
1033,2fbdcee0-8062-4ce7-ac5a-53a0ff0ea3bd,ACPI-24-B1.5,100,2024-03-15T14:20:53.903891Z,11,89,no
1034,39c05317-0d1f-4e14-b9fd-c1650ddfd314,ACPI-24-B1.5,35,2024-03-15T12:21:18.428719Z,16,84,no
1035,9f5e6998-0de2-4a79-8b73-e24ed9a8e99a,ACPI-24-B1.5,102,2024-03-15T12:17:56.129745Z,16,84,no
1036,6de82c8f-4443-4e5e-88ee-c70696a6bce5,ACPI-24-B1.5,224,2024-03-15T12:17:29.390679Z,16,84,no
1037,0b8dc44a-ff25-4006-8c46-fe64f8ec027d,ACPI-24-B1.5,21,2024-03-15T12:17:22.880753Z,16,84,no
1038,89e84739-3488-437b-b427-a5cabecdf4f9,ACPI-24-B1.5,379,2024-03-15T12:17:20.416106Z,16,84,no
1039,f1e7abdd-f993-4f0c-acb7-178405f6f36e,ACPI-24-B1.5,304,2024-03-15T12:17:14.1654Z,16,84,yes
1040,fdd1555d-5ff8-4e9d-b863-c68fe34545e4,ACPI-24-B1.5,179,2024-03-15T12:17:11.130911Z,16,84,no
