,trade_id,ticker,count,created_time,yes_price,no_price,taker_side
0,8ad4fa5d-5a65-4849-8957-a9bf542f6ae8,CPICOREYOY-22DEC-T5.0,30,2022-12-25T13:08:27.703722Z,61,39,yes
1,6e255db2-9a64-44fe-b817-c2cb46ebca0d,CPICOREYOY-22DEC-T5.0,30,2022-12-25T13:08:27.703722Z,63,37,yes
2,1e06ec56-8e80-47c2-b29b-f14973793573,CPICOREYOY-22DEC-T5.0,29,2022-12-25T13:08:27.703722Z,59,41,yes
3,7621fb94-a3e3-4540-8422-fde112f20e68,CPICOREYOY-22DEC-T5.0,36,2022-12-25T13:00:18.224122Z,53,47,yes
4,2e47e8f9-3f57-4706-8c87-b8a0110da663,CPICOREYOY-22DEC-T5.0,29,2022-12-25T13:00:18.224122Z,55,45,yes
5,29ed5a76-5f8a-42ca-84ed-b067ff55a72e,CPICOREYOY-22DEC-T5.0,28,2022-12-25T13:00:18.224122Z,57,43,yes
6,ecb47781-dba6-44b7-b41d-d97a1bd8d1c6,CPICOREYOY-22DEC-T5.1,28,2022-12-25T13:00:11.989941Z,57,43,yes
7,cfaf451b-41e3-4711-99ce-94670498eabf,CPICOREYOY-22DEC-T5.1,36,2022-12-25T13:00:11.989941Z,53,47,yes
8,1f96775a-3a7d-4557-bcd0-0beb56bff6d8,CPICOREYOY-22DEC-T5.1,29,2022-12-25T13:00:11.989941Z,55,45,yes
9,9f72ffa4-59f1-4917-ae04-2d717627088e,CPICOREYOY-22DEC-T5.2,29,2022-12-25T13:00:25.148683Z,55,45,yes
10,94488933-ebe3-4d70-8426-19b1c9354fe6,CPICOREYOY-22DEC-T5.2,36,2022-12-25T13:00:25.148683Z,53,47,yes
11,64cabb2d-5afd-4105-8628-8cffc7756d12,CPICOREYOY-22DEC-T5.2,28,2022-12-25T13:00:25.148683Z,57,43,yes
12,ed3f7190-fec9-4826-b07e-0e720d913d89,CPICOREYOY-22DEC-T6.2,28,2022-12-25T13:00:47.930706Z,43,57,no
13,5c678da3-dc17-49cb-bd1d-f0eafe91539e,CPICOREYOY-22DEC-T6.2,29,2022-12-25T13:00:47.930706Z,45,55,no
14,5c5daf52-801a-4ce4-8682-4a2a299a4ab5,CPICOREYOY-22DEC-T6.2,36,2022-12-25T13:00:47.930706Z,47,53,no
15,a2f38e0b-9500-4ecb-b547-1fa303a7bff2,CPICOREYOY-22DEC-T6.3,28,2022-12-25T13:00:43.929211Z,43,57,no
16,8d9872b7-db25-458d-9132-ebc8f7dd6bc4,CPICOREYOY-22DEC-T6.3,36,2022-12-25T13:00:43.929211Z,47,53,no
17,027076c4-50c3-402d-82a4-e491a94b155e,CPICOREYOY-22DEC-T6.3,29,2022-12-25T13:00:43.929211Z,45,55,no
18,7bdf884e-eaec-4117-ac51-5e17406cdfc0,CPICOREYOY-22DEC-T6.4,29,2022-12-25T13:08:16.595335Z,41,59,no
19,4e3a02ab-cf4a-4262-b834-e9d7780bf575,CPICOREYOY-22DEC-T6.4,30,2022-12-25T13:08:16.595335Z,37,63,no
20,1e804ac2-3da9-44d0-a08f-8a305a746be6,CPICOREYOY-22DEC-T6.4,30,2022-12-25T13:08:16.595335Z,39,61,no
21,d69e5867-c0ae-4807-968f-1eba4bb545e7,CPICOREYOY-22DEC-T6.4,36,2022-12-25T13:00:34.908105Z,47,53,no
22,928b7143-d502-48d5-89a7-d1b0dfa274be,CPICOREYOY-22DEC-T6.4,29,2022-12-25T13:00:34.908105Z,45,55,no
23,07199b7c-876d-42ac-b3a3-87750e8775b1,CPICOREYOY-22DEC-T6.4,28,2022-12-25T13:00:34.908105Z,43,57,no
24,29ce4994-a34f-4133-a4e2-03176b59628e,CPICOREYOY-23JAN-T5.9,4,2023-02-07T04:33:00.44951Z,2,98,yes
25,b451b700-b1c9-4388-aacc-2b7b966ce410,CPICOREYOY-23JAN-T6.0,3,2023-02-07T16:06:49.331742Z,3,97,yes
26,e08bd643-8c1a-4005-b728-b8c7a84a7ea3,CPICOREYOY-23FEB-T5.1,60,2023-03-14T03:26:45.051584Z,98,2,no
27,727e8fe0-5549-4ee5-bcf8-717fadf243ca,CPICOREYOY-23FEB-T5.1,24,2023-03-14T03:26:45.051584Z,98,2,no
28,147333ca-717e-4b48-8539-bf2a4f2b4b2d,CPICOREYOY-23FEB-T5.1,40,2023-03-11T15:34:29.584506Z,98,2,yes
29,fb8321ef-9694-4f97-b8e9-908685e801ef,CPICOREYOY-23FEB-T5.1,100,2023-03-01T22:59:02.772295Z,98,2,yes
30,2e1788a6-179c-4b1d-9b53-1b4370c04e31,CPICOREYOY-23FEB-T5.2,30,2023-03-14T03:27:02.410432Z,94,6,no
31,6726ccb9-e910-40b9-befd-f36cd208b116,CPICOREYOY-23FEB-T5.2,120,2023-03-14T03:26:45.097759Z,94,6,no
32,7780c7a8-5d70-4ebc-9316-67255f1ce94b,CPICOREYOY-23FEB-T5.2,5,2023-03-13T20:51:01.712008Z,95,5,yes
33,fa97361c-0812-4d4c-bcfd-e77e22af4416,CPICOREYOY-23FEB-T5.3,120,2023-03-14T03:29:41.443458Z,83,17,yes
34,7281a235-32d4-4a0f-8b71-cf45fb21f269,CPICOREYOY-23FEB-T5.3,400,2023-03-14T03:29:41.443458Z,85,15,yes
35,09895b5c-9835-49c4-a094-e3cb33084aec,CPICOREYOY-23FEB-T5.3,400,2023-03-14T03:29:41.443458Z,86,14,yes
36,fd1f255b-f686-454a-a3dc-157855814ca0,CPICOREYOY-23FEB-T5.3,25,2023-03-14T03:26:44.833312Z,83,17,no
37,98f07b67-d258-41f6-8673-f9d576741ae8,CPICOREYOY-23FEB-T5.4,1,2023-03-06T15:40:01.738332Z,57,43,no
38,6dfea857-8ff9-43b4-b5fe-e401d050598b,CPICOREYOY-23FEB-T5.5,120,2023-03-14T03:29:07.264945Z,24,76,no
39,5d44069b-3ba9-4861-b32e-0932f8273f0f,CPICOREYOY-23FEB-T5.5,40,2023-03-14T03:26:36.238309Z,28,72,no
40,3615ace7-b387-46db-9000-4c728bc292e2,CPICOREYOY-23FEB-T5.5,400,2023-03-14T03:26:36.238309Z,24,76,no
41,04be34af-03dc-4a94-a959-64427c70f151,CPICOREYOY-23FEB-T5.5,400,2023-03-14T03:26:36.238309Z,26,74,no
42,618e4866-f80c-4d98-9079-a6f79478a4be,CPICOREYOY-23FEB-T5.5,4,2023-03-11T15:30:08.016179Z,28,72,no
43,2944e47f-7f96-4e02-b3ec-07c0959655ab,CPICOREYOY-23FEB-T5.6,400,2023-03-14T03:26:51.483225Z,8,92,no
44,578bcb4e-b931-433e-9cbb-276252b3986e,CPICOREYOY-23FEB-T5.7,150,2023-03-11T15:35:31.043669Z,2,98,no
45,3724dce2-6ef1-43f9-88e6-3215f109f05c,CPICOREYOY-23FEB-T5.7,400,2023-03-10T19:05:51.26828Z,2,98,no
46,1179b218-a7cc-400e-8704-ace0dd48d3cf,CPICOREYOY-23FEB-T5.7,400,2023-03-10T19:05:51.26828Z,3,97,no
47,6618d459-f561-4b7e-a5d4-81ad3ca07f87,CPICOREYOY-23FEB-T5.7,400,2023-03-10T19:04:30.419003Z,3,97,no
48,2de097bc-f983-4745-9f5b-6d63328e997f,CPICOREYOY-23FEB-T5.7,400,2023-03-10T19:04:30.419003Z,2,98,no
49,e90d0462-a87f-4d9f-89a3-ee2bab3dbce8,CPICOREYOY-23MAR-T5.0,10,2023-04-12T03:22:57.26924Z,90,10,no
50,bff744c3-41f0-4ecd-9a6a-51139ccf5e42,CPICOREYOY-23MAR-T5.0,5,2023-04-12T03:22:57.26924Z,92,8,no
51,ac3eb0ac-e291-4496-8aa3-32f4631a865f,CPICOREYOY-23MAR-T5.0,15,2023-04-12T03:22:57.26924Z,89,11,no
52,7dfb1e23-8db9-4455-87b8-72e3efbbc095,CPICOREYOY-23MAR-T5.0,10,2023-04-12T03:22:57.26924Z,91,9,no
53,6b9119e0-5056-4916-a35d-d7a60051f5c2,CPICOREYOY-23MAR-T5.0,93,2023-04-12T03:22:57.26924Z,65,35,no
54,0bd8f8ca-7df3-441e-93aa-21e6a492ad5d,CPICOREYOY-23MAR-T5.0,5,2023-04-12T03:22:57.26924Z,93,7,no
55,22c27b15-eb4a-45f7-9b94-9eaf651a1c77,CPICOREYOY-23MAR-T5.0,5,2023-04-12T03:18:21.275114Z,94,6,no
56,da4345f4-c00a-4617-8db1-cc8e15aafef9,CPICOREYOY-23MAR-T5.1,400,2023-03-28T01:23:02.360873Z,97,3,yes
57,d468ac30-9174-4821-86ec-49e50cd76336,CPICOREYOY-23MAR-T5.1,400,2023-03-28T01:23:02.360873Z,96,4,yes
58,b80bc0ae-c52d-4780-b299-21986a14b886,CPICOREYOY-23MAR-T5.1,360,2023-03-28T01:23:02.360873Z,95,5,yes
59,578b3382-abb3-4698-b27e-fb16ec326a22,CPICOREYOY-23MAR-T5.1,400,2023-03-28T01:22:31.536945Z,94,6,yes
60,4afe32e7-40e4-434b-addd-6853d389582f,CPICOREYOY-23MAR-T5.1,400,2023-03-28T01:22:31.536945Z,95,5,yes
61,05ec6431-afcf-41a3-9bcb-3d8774e9aa8c,CPICOREYOY-23MAR-T5.1,40,2023-03-28T01:22:31.536945Z,93,7,yes
62,cbe05c77-5957-481c-ab13-2bfb848df117,CPICOREYOY-23MAR-T5.1,50,2023-03-27T22:19:18.940502Z,89,11,no
63,d0e5ead2-d76f-4003-879d-76568662f7c7,CPICOREYOY-23MAR-T5.1,140,2023-03-16T16:46:08.840464Z,81,19,yes
64,57923d79-9bfe-4421-aefa-f8ba5c0b1666,CPICOREYOY-23MAR-T5.1,116,2023-03-16T16:46:08.840464Z,83,17,yes
65,5f45e2d2-42df-43aa-afb7-50d5aad4f269,CPICOREYOY-23MAR-T5.1,200,2023-03-16T16:45:53.54104Z,80,20,yes
66,2e4236cf-2e96-4a37-bf4b-a4a5dbf48e45,CPICOREYOY-23MAR-T5.1,200,2023-03-16T16:45:53.54104Z,79,21,yes
67,27a6b922-e403-4d1e-8ba4-4edd5907780d,CPICOREYOY-23MAR-T5.1,140,2023-03-16T16:45:53.54104Z,77,23,yes
68,11c78201-623b-48f3-9d3d-9cc77b3aa8b2,CPICOREYOY-23MAR-T5.2,46,2023-04-05T01:28:19.356556Z,95,5,no
69,dc57a097-3344-4b46-89fc-aba278a2e044,CPICOREYOY-23MAR-T5.2,300,2023-04-03T13:12:31.569866Z,96,4,yes
70,bf86338b-da25-4ca5-aa73-7bc91d58270c,CPICOREYOY-23MAR-T5.2,120,2023-04-03T13:12:31.569866Z,95,5,yes
71,4c72f259-cba5-41a8-9b3d-5e3fdfe897ea,CPICOREYOY-23MAR-T5.2,210,2023-04-03T13:12:13.655328Z,95,5,no
72,edfe5b1a-f851-4315-82a0-ec80540f2d44,CPICOREYOY-23MAR-T5.2,300,2023-04-03T13:12:04.469886Z,94,6,yes
73,46e36b4a-cafd-41af-834d-19aad2a006ee,CPICOREYOY-23MAR-T5.2,300,2023-04-03T13:12:04.469886Z,95,5,yes
74,80d457d0-7744-43c2-82dc-1a720f8fe75e,CPICOREYOY-23MAR-T5.2,30,2023-04-03T00:15:35.345186Z,91,9,yes
75,674a728b-3f21-4fc9-bb23-c4727b110153,CPICOREYOY-23MAR-T5.2,300,2023-04-03T00:15:35.345186Z,93,7,yes
76,1d37df27-5b10-419c-b17a-b6ab2f2186fe,CPICOREYOY-23MAR-T5.2,300,2023-04-03T00:15:35.345186Z,92,8,yes
77,d3fd8e55-b669-4ee4-80fb-931c46f64b63,CPICOREYOY-23MAR-T5.2,300,2023-04-03T00:14:50.933195Z,91,9,yes
78,b94c8bbe-1d87-4a98-bc4f-2d47aa9760b4,CPICOREYOY-23MAR-T5.2,240,2023-04-03T00:14:50.933195Z,89,11,yes
79,8753d6ad-e023-41dd-8fa5-9f3270a0ece1,CPICOREYOY-23MAR-T5.2,300,2023-04-03T00:14:50.933195Z,92,8,yes
80,b9a223c5-2339-41e3-bb47-29dc06d1d1b7,CPICOREYOY-23MAR-T5.2,400,2023-03-28T01:24:25.805725Z,83,17,yes
81,49f2220b-fac0-4372-b40b-85b2875de497,CPICOREYOY-23MAR-T5.2,240,2023-03-28T01:24:25.805725Z,81,19,yes
82,08292a80-37ff-4d43-a138-f0450fd408b7,CPICOREYOY-23MAR-T5.2,400,2023-03-28T01:24:25.805725Z,84,16,yes
83,95576979-950c-4c43-ad45-a1c322eed3c0,CPICOREYOY-23MAR-T5.2,240,2023-03-28T01:23:31.9689Z,77,23,yes
84,66afa99f-8995-4d3a-a88b-4fbce26e8051,CPICOREYOY-23MAR-T5.2,400,2023-03-28T01:23:31.9689Z,79,21,yes
85,0c728402-4e92-4e2a-a39e-fb8a1854c89a,CPICOREYOY-23MAR-T5.2,400,2023-03-28T01:23:31.9689Z,81,19,yes
86,6b336160-c1ef-4655-814c-7c693dbba2aa,CPICOREYOY-23MAR-T5.2,10,2023-03-22T21:32:26.822965Z,75,25,yes
87,ec80fdaa-3051-4d9b-8939-c633bdc28a4c,CPICOREYOY-23MAR-T5.2,26,2023-03-18T22:42:36.454802Z,76,24,yes
88,1f7b5965-0f58-4143-9e1d-a18976e8ab1d,CPICOREYOY-23MAR-T5.2,20,2023-03-18T22:42:36.454802Z,74,26,yes
89,163028cd-aaaf-4b34-82a3-d7eb86099b40,CPICOREYOY-23MAR-T5.3,10,2023-04-08T19:03:16.387718Z,98,2,yes
90,d52ac33b-3b99-42eb-ada0-079592410fbf,CPICOREYOY-23MAR-T5.3,10,2023-04-07T15:22:07.084Z,95,5,no
91,8b1aa2a7-976f-4861-8c95-224764d1c2a3,CPICOREYOY-23MAR-T5.3,1,2023-04-04T15:48:23.270763Z,97,3,yes
92,09bb2419-9fae-4a01-8cc1-1c5d86c44338,CPICOREYOY-23MAR-T5.3,50,2023-04-03T13:14:54.878416Z,89,11,no
93,d3946677-cda4-4087-864b-1eef28509d1b,CPICOREYOY-23MAR-T5.3,270,2023-04-03T13:13:17.874313Z,85,15,yes
94,cfb3ca5f-ebaa-46a4-af93-a2d8f58645ff,CPICOREYOY-23MAR-T5.3,300,2023-04-03T13:13:17.874313Z,88,12,yes
95,3b0e5194-31ef-4536-9a82-dcc9f5b893a0,CPICOREYOY-23MAR-T5.3,300,2023-04-03T13:13:17.874313Z,87,13,yes
96,f8aae277-e80f-4cfc-a1b4-ef60480aa17c,CPICOREYOY-23MAR-T5.3,300,2023-04-03T13:13:11.072938Z,86,14,yes
97,e4c216a6-9090-4e51-a155-46a2bcd634cb,CPICOREYOY-23MAR-T5.3,180,2023-04-03T13:13:11.072938Z,83,17,yes
98,1c6f2e5a-4ed5-4aec-a49b-c49fdd3f62bb,CPICOREYOY-23MAR-T5.3,300,2023-04-03T13:13:11.072938Z,85,15,yes
99,e830f26a-4da7-4201-ada9-c7d020d1919b,CPICOREYOY-23MAR-T5.3,30,2023-04-03T13:12:27.857684Z,75,25,yes
100,4e37ea5c-58c6-48a1-bf4b-45bcc6a52aca,CPICOREYOY-23MAR-T5.3,300,2023-04-03T13:12:27.857684Z,79,21,yes
101,0313913f-31b1-4c46-adc5-979d37f8f304,CPICOREYOY-23MAR-T5.3,300,2023-04-03T13:12:27.857684Z,77,23,yes
102,7140f2a6-47dd-4cdf-ad42-d9f0a5c39fc0,CPICOREYOY-23MAR-T5.3,300,2023-04-03T13:12:01.268336Z,70,30,yes
103,6def4798-8114-44a0-986d-38c5be26441c,CPICOREYOY-23MAR-T5.3,300,2023-04-03T13:12:01.268336Z,72,28,yes
104,429d90c7-6ac6-49a5-a102-d942e1461b35,CPICOREYOY-23MAR-T5.3,90,2023-04-03T13:12:01.268336Z,68,32,yes
105,6895bcbb-60a7-481b-b5c9-69436f6c2550,CPICOREYOY-23MAR-T5.3,150,2023-03-31T12:06:59.438026Z,64,36,yes
106,55621afc-c6db-4c26-a666-43ee012b09bb,CPICOREYOY-23MAR-T5.3,93,2023-03-30T12:58:10.909495Z,63,37,yes
107,7e8744cf-1024-493d-a8a4-ab7364041554,CPICOREYOY-23MAR-T5.3,10,2023-03-30T00:58:42.863654Z,56,44,no
108,0c8be42c-4a63-4802-9e23-b7bb686c49f8,CPICOREYOY-23MAR-T5.3,40,2023-03-22T21:31:51.13135Z,57,43,yes
109,368aa23b-c27e-4d8f-9b12-2b81cd7d2b4d,CPICOREYOY-23MAR-T5.3,40,2023-03-16T16:40:38.53179Z,25,75,no
110,6ebfb930-8b54-4bcf-8e7c-7b9f0a9ed8a1,CPICOREYOY-23MAR-T5.3,50,2023-03-16T16:40:38.511655Z,30,70,no
111,a85a8bfe-e342-4fa9-9fe4-5e98140fba48,CPICOREYOY-23MAR-T5.3,50,2023-03-15T17:43:21.810295Z,69,31,yes
112,34f92ebc-9b69-46c5-a0fa-ea70b8387020,CPICOREYOY-23MAR-T5.3,150,2023-03-11T16:57:39.780259Z,23,77,yes
113,4cb00c07-1766-47d4-8976-416768a80ff3,CPICOREYOY-23MAR-T5.4,1000,2023-04-10T12:00:37.094408Z,92,8,no
114,1d066617-1bf4-41ce-95ba-3698302f1dec,CPICOREYOY-23MAR-T5.4,20,2023-04-07T23:24:01.346676Z,89,11,no
115,4b7d95c2-7d79-4f0a-9d33-a097100c7ab7,CPICOREYOY-23MAR-T5.4,104,2023-04-07T20:28:36.917331Z,95,5,yes
116,e3d9c18a-1e90-494f-af0e-c3a638d43880,CPICOREYOY-23MAR-T5.4,50,2023-04-03T16:41:02.596356Z,78,22,no
117,11768592-6b80-45f0-b8d0-4f6f8cc272b1,CPICOREYOY-23MAR-T5.4,30,2023-04-03T16:02:04.031654Z,79,21,yes
118,a682499c-22ed-4d7b-a291-cc84ed522728,CPICOREYOY-23MAR-T5.4,60,2023-04-03T13:17:58.81112Z,81,19,yes
119,6881e495-8baa-47ad-b851-3d124522d858,CPICOREYOY-23MAR-T5.4,100,2023-04-03T13:15:36.327119Z,78,22,yes
120,54c1fbbd-d71f-42d8-81d8-1213330a8847,CPICOREYOY-23MAR-T5.4,10,2023-04-03T13:15:36.327119Z,76,24,yes
121,20efd4fd-bbc8-40fe-b25a-682d06af2f18,CPICOREYOY-23MAR-T5.4,100,2023-04-03T13:15:36.327119Z,80,20,yes
122,8e1578dc-1bf0-41a5-bf25-db9dd041076a,CPICOREYOY-23MAR-T5.4,10,2023-04-03T13:14:02.520992Z,72,28,no
123,0ea0bfba-26a9-48a7-84b5-cb70750f2070,CPICOREYOY-23MAR-T5.4,100,2023-04-03T13:13:59.329387Z,74,26,yes
124,fa9d79ab-1d9c-45a2-ab70-b6922f5ec2e7,CPICOREYOY-23MAR-T5.4,20,2023-04-03T13:13:54.663104Z,70,30,yes
125,b4c03832-960f-45d9-b205-d223a5d2eb83,CPICOREYOY-23MAR-T5.4,100,2023-04-03T13:13:54.663104Z,70,30,yes
126,82055ab1-69f2-4b4e-9677-06624aec98d0,CPICOREYOY-23MAR-T5.4,100,2023-04-03T13:13:54.663104Z,72,28,yes
127,de58f857-4cda-4f98-80e0-5a7a5ec2d9f7,CPICOREYOY-23MAR-T5.4,100,2023-04-03T13:13:26.561143Z,65,35,yes
128,8a8389d3-9339-4bf8-8f9d-14e27e8776b2,CPICOREYOY-23MAR-T5.4,100,2023-04-03T13:13:26.561143Z,62,38,yes
129,7761d795-660b-4ef0-b6ff-f095cf01c39b,CPICOREYOY-23MAR-T5.4,50,2023-04-03T13:13:26.561143Z,60,40,yes
130,ed04b716-4e83-43ba-8bc3-6e71944bc815,CPICOREYOY-23MAR-T5.4,300,2023-04-03T13:13:06.748146Z,56,44,yes
131,ca69fa55-8c7e-4d19-bd7e-c74e07224c1c,CPICOREYOY-23MAR-T5.4,30,2023-04-03T13:13:06.748146Z,51,49,yes
132,3f7df448-ef61-4854-a8eb-6e4c7f791d0f,CPICOREYOY-23MAR-T5.4,300,2023-04-03T13:13:06.748146Z,53,47,yes
133,f252d9c7-6151-4248-aa5d-9a892f2a6b8f,CPICOREYOY-23MAR-T5.4,300,2023-04-03T13:12:36.731944Z,44,56,yes
134,5d193fc3-4d8e-497e-810a-603aecd34e52,CPICOREYOY-23MAR-T5.4,300,2023-04-03T13:12:36.731944Z,46,54,yes
135,122707a6-e7d4-459a-8985-e97bd1e667db,CPICOREYOY-23MAR-T5.4,60,2023-04-03T13:12:36.731944Z,41,59,yes
136,5e3ff328-394b-4bf3-bf8a-103760fd21a0,CPICOREYOY-23MAR-T5.4,300,2023-04-03T13:12:22.797225Z,38,62,yes
137,57a7e1c7-a43b-447f-8e54-09f3ebe85247,CPICOREYOY-23MAR-T5.4,300,2023-04-03T13:12:22.797225Z,36,64,yes
138,30056251-e194-49e8-8fa8-387b5b74712a,CPICOREYOY-23MAR-T5.4,120,2023-04-03T13:12:22.797225Z,34,66,yes
139,e480741e-7cf5-4235-aecd-bd36fdb0fda3,CPICOREYOY-23MAR-T5.4,300,2023-04-03T13:11:56.232525Z,30,70,yes
140,7766422d-ec97-4efa-8d32-123c4908cb6e,CPICOREYOY-23MAR-T5.4,150,2023-04-03T13:11:56.232525Z,28,72,yes
141,4ab2cbf8-87f0-45af-bd42-e3c2ce42f93c,CPICOREYOY-23MAR-T5.4,300,2023-04-03T13:11:56.232525Z,32,68,yes
142,6db66c19-ad6f-4366-b37c-d62af4fd1f75,CPICOREYOY-23MAR-T5.4,3,2023-04-03T00:14:57.794871Z,25,75,yes
143,9c8f4874-5000-4101-81cc-23a94aa735e9,CPICOREYOY-23MAR-T5.4,60,2023-03-31T12:21:21.993701Z,26,74,yes
144,8abd0bd6-0de1-410b-b131-7b8e7a7712c0,CPICOREYOY-23MAR-T5.4,100,2023-03-31T12:17:08.324332Z,26,74,yes
145,b8d767af-1f98-47e7-87df-a458e25e7ed1,CPICOREYOY-23MAR-T5.4,100,2023-03-30T14:38:11.514659Z,25,75,yes
146,ae596908-2215-4d70-b27f-264eb947f414,CPICOREYOY-23MAR-T5.4,1,2023-03-29T17:39:31.281545Z,22,78,no
147,a39003c3-a601-474a-a8bb-491ef96c006a,CPICOREYOY-23MAR-T5.4,5,2023-03-22T21:03:37.015396Z,27,73,no
148,a8aef47a-ea6b-44ec-9dce-873d3f2d6036,CPICOREYOY-23MAR-T5.4,10,2023-03-20T21:47:37.723967Z,29,71,yes
149,00d8c174-282a-45b7-a154-61e32fae0d4c,CPICOREYOY-23MAR-T5.4,10,2023-03-17T20:30:43.371249Z,29,71,yes
150,bb811c4e-4388-471a-913f-6e95bb2f7546,CPICOREYOY-23MAR-T5.4,11,2023-03-16T16:47:50.180433Z,14,86,yes
151,8de09c7e-7957-4b1b-a729-35563020114a,CPICOREYOY-23MAR-T5.4,16,2023-03-16T16:47:50.180433Z,17,83,yes
152,2f5fa48c-047d-404a-8951-bbe6b26afe30,CPICOREYOY-23MAR-T5.4,16,2023-03-16T16:47:50.180433Z,15,85,yes
153,c070fa09-07de-4912-8ad0-b7bd08327db5,CPICOREYOY-23MAR-T5.4,50,2023-03-16T16:41:23.619277Z,20,80,no
154,7f6b11d1-c549-4a3c-adfb-d90bc2beedcc,CPICOREYOY-23MAR-T5.4,200,2023-03-16T16:41:23.609218Z,20,80,no
155,43999b2f-4162-4d93-b87c-8e4bfdafbff1,CPICOREYOY-23MAR-T5.4,50,2023-03-15T17:43:11.250156Z,45,55,yes
156,4abbf677-be95-4e2b-b2bd-73eb73c66dc5,CPICOREYOY-23MAR-T5.4,50,2023-03-11T16:58:59.388491Z,10,90,yes
157,44548102-f17e-49c4-be3c-b3de7def04c5,CPICOREYOY-23MAR-T5.4,100,2023-03-11T16:52:41.687795Z,10,90,yes
158,b5bc3621-d771-4b2c-85ce-52445f523581,CPICOREYOY-23MAR-T5.5,10,2023-04-12T12:23:32.629264Z,89,11,yes
159,598e9554-e6a5-417b-8109-aa6386c94995,CPICOREYOY-23MAR-T5.5,110,2023-04-12T12:11:12.953151Z,90,10,yes
160,bd35b9b0-aa21-4699-8705-8d2aba6447c6,CPICOREYOY-23MAR-T5.5,459,2023-04-11T14:53:56.229365Z,88,12,no
161,78038f6b-f256-4227-b593-89ac9d104669,CPICOREYOY-23MAR-T5.5,25,2023-04-11T14:15:41.253337Z,88,12,no
162,33f43fc6-618c-494c-8ea8-0a4445c2f3da,CPICOREYOY-23MAR-T5.5,10,2023-04-11T02:54:19.003482Z,88,12,no
163,af005c72-a4e1-41b9-8da5-886914c156a2,CPICOREYOY-23MAR-T5.5,400,2023-04-11T02:50:33.633455Z,89,11,no
164,825bf39b-d7d5-40c0-a74b-fff2c0f9b14a,CPICOREYOY-23MAR-T5.5,425,2023-04-11T02:50:33.633455Z,88,12,no
165,e43c163e-c909-42e6-a066-fa2d112ed10b,CPICOREYOY-23MAR-T5.5,800,2023-04-11T02:50:17.447291Z,91,9,no
166,dff3c6b7-0243-4e22-9b2d-7e56a7f2d582,CPICOREYOY-23MAR-T5.5,1000,2023-04-11T02:50:17.447291Z,90,10,no
167,3067c5cb-d131-4e77-9678-270f5973f8a6,CPICOREYOY-23MAR-T5.5,1000,2023-04-11T02:50:17.447291Z,89,11,no
168,ef4289cb-c998-4c87-9646-2962918b956d,CPICOREYOY-23MAR-T5.5,99,2023-04-10T23:55:39.149141Z,89,11,yes
169,0f0fe3ab-0b16-4a61-bac4-8ffba78aac91,CPICOREYOY-23MAR-T5.5,75,2023-04-10T17:21:48.730388Z,85,15,yes
170,b1339e58-985b-4788-9e55-1aa5c9789340,CPICOREYOY-23MAR-T5.5,400,2023-04-10T12:06:41.520212Z,83,17,no
171,7c9a8b36-d97c-42cb-83ab-81f0b7818f6f,CPICOREYOY-23MAR-T5.5,600,2023-04-10T12:00:17.594605Z,84,16,no
172,185261c4-19c0-4efe-aee7-45f7141f2894,CPICOREYOY-23MAR-T5.5,25,2023-04-09T20:44:42.361551Z,81,19,yes
173,b3654b5c-75ff-4c92-9c60-b85b97d8a10d,CPICOREYOY-23MAR-T5.5,10,2023-04-07T15:22:16.935968Z,82,18,yes
174,3d0003df-2501-41c9-a2bf-77d1d034af63,CPICOREYOY-23MAR-T5.5,7,2023-04-05T01:56:06.62648Z,69,31,yes
175,8445fe76-9ed3-418c-9f0d-f7994741cd96,CPICOREYOY-23MAR-T5.5,10,2023-04-04T12:24:03.362598Z,68,32,yes
176,e7432544-6fbb-4c35-bce0-15c449346354,CPICOREYOY-23MAR-T5.5,20,2023-04-03T16:02:13.159864Z,65,35,yes
177,5ed1442b-227a-4814-b3a1-293c5882eae8,CPICOREYOY-23MAR-T5.5,30,2023-04-03T16:02:04.090699Z,65,35,yes
178,a3aa9a8c-8a89-4a9b-9d30-1d42e2a63295,CPICOREYOY-23MAR-T5.5,5,2023-04-03T13:31:25.126421Z,60,40,no
179,e826bc0b-9e6d-4d35-b6bd-9ef75ca1e95a,CPICOREYOY-23MAR-T5.5,50,2023-04-03T13:15:51.675796Z,62,38,no
180,3627cb53-bb31-459a-88c1-b19d9a78cb2c,CPICOREYOY-23MAR-T5.5,50,2023-04-03T13:15:41.675404Z,62,38,no
181,56eb5a2d-b97a-400f-af55-dacc22bcc42c,CPICOREYOY-23MAR-T5.5,40,2023-04-03T13:14:18.689194Z,55,45,yes
182,2b15f059-e7a2-4540-9797-23fc8110fd6b,CPICOREYOY-23MAR-T5.5,100,2023-04-03T13:14:18.689194Z,57,43,yes
183,b2087262-c49a-44a0-aef2-9fd7627095b3,CPICOREYOY-23MAR-T5.5,100,2023-04-03T13:13:48.620903Z,49,51,yes
184,90782213-f943-41ad-aa8b-7aadf8132697,CPICOREYOY-23MAR-T5.5,10,2023-04-03T13:13:48.620903Z,47,53,yes
185,7e879fc9-3aaa-4bdd-8a04-a8816eb139c4,CPICOREYOY-23MAR-T5.5,100,2023-04-03T13:13:48.620903Z,52,48,yes
186,c64a81ee-b5c9-4f9d-a765-16bb827a3339,CPICOREYOY-23MAR-T5.5,100,2023-04-03T13:13:32.658257Z,44,56,yes
187,c3d7ef4b-bd93-4cac-8c8f-56c44c8e3d88,CPICOREYOY-23MAR-T5.5,100,2023-04-03T13:13:32.658257Z,43,57,yes
188,bda1cfbe-d2a6-460e-92e5-283f68588669,CPICOREYOY-23MAR-T5.5,20,2023-04-03T13:13:32.658257Z,40,60,yes
189,5ac25a37-a939-4426-a7be-5784394e5a9b,CPICOREYOY-23MAR-T5.5,75,2023-04-03T13:13:32.658257Z,40,60,yes
190,e8b1e6cc-284f-4631-af6a-d5e8d1124d1a,CPICOREYOY-23MAR-T5.5,180,2023-04-03T13:13:02.31306Z,33,67,yes
191,d87d2c8c-1412-4bc1-bd61-db24b93e29d6,CPICOREYOY-23MAR-T5.5,300,2023-04-03T13:13:02.31306Z,35,65,yes
192,4b365108-c6c7-4e65-9206-7605785dad2d,CPICOREYOY-23MAR-T5.5,210,2023-04-03T13:12:47.603182Z,28,72,yes
193,1916c3d5-3b7e-4e12-9a94-feeb8f96d164,CPICOREYOY-23MAR-T5.5,300,2023-04-03T13:12:47.603182Z,30,70,yes
194,c99de8f9-f8fa-4abd-ae6b-81c3fc01995d,CPICOREYOY-23MAR-T5.5,150,2023-04-03T13:12:41.636684Z,25,75,yes
195,20f172ed-0393-46e2-9ce1-391274ee2608,CPICOREYOY-23MAR-T5.5,300,2023-04-03T13:12:41.636684Z,27,73,yes
196,b103a863-3066-4366-a354-00c04ee1a12c,CPICOREYOY-23MAR-T5.5,300,2023-04-03T13:12:18.96711Z,22,78,yes
197,a2a48803-0448-4583-a938-5598e6628f21,CPICOREYOY-23MAR-T5.5,180,2023-04-03T13:12:15.820747Z,19,81,yes
198,368f9199-b840-4b38-b3ac-6dbc7d9536fa,CPICOREYOY-23MAR-T5.5,300,2023-04-03T13:12:15.820747Z,21,79,yes
199,9f937aa2-b437-4ca4-bfb8-29fef8557fdb,CPICOREYOY-23MAR-T5.5,300,2023-04-03T13:11:57.369216Z,16,84,yes
200,504d20d1-85e1-42ff-9b41-6611513be231,CPICOREYOY-23MAR-T5.5,300,2023-04-03T13:11:57.369216Z,18,82,yes
201,08d279b6-0c8f-4e67-8663-1b27a299aaef,CPICOREYOY-23MAR-T5.5,60,2023-04-03T13:11:57.369216Z,15,85,yes
202,6a33c3e7-5348-47c2-ad90-8e6f5d5e09ac,CPICOREYOY-23MAR-T5.5,10,2023-04-02T23:57:55.687917Z,15,85,yes
203,88ee83ca-4349-49c4-b3c3-e70ada3620e3,CPICOREYOY-23MAR-T5.5,100,2023-03-30T14:38:18.949257Z,14,86,yes
204,e4398338-ae48-4997-9a32-d058aa51e533,CPICOREYOY-23MAR-T5.5,150,2023-03-16T16:41:53.128708Z,15,85,no
205,b6ef2ecc-207f-43ee-8891-7c294854dcba,CPICOREYOY-23MAR-T5.5,150,2023-03-11T16:52:37.321771Z,5,95,yes
206,e5b7c68e-8d21-4178-b161-5115f6bcee50,CPICOREYOY-23MAR-T5.6,1000,2023-04-12T00:59:57.27921Z,42,58,no
207,41807833-d49d-4365-bd33-216bdfbb2f9a,CPICOREYOY-23MAR-T5.6,500,2023-04-12T00:59:57.27921Z,45,55,no
208,4e40b3a5-0eed-4c96-8ee1-aff90dda49fa,CPICOREYOY-23MAR-T5.6,100,2023-04-11T21:53:36.527216Z,48,52,yes
209,963553a1-c1fc-48bb-bf50-02d6e52e1c91,CPICOREYOY-23MAR-T5.6,50,2023-04-11T16:33:18.008786Z,47,53,no
210,f5935507-e27c-447e-9aad-6593dd90b8cf,CPICOREYOY-23MAR-T5.6,78,2023-04-10T23:55:39.411483Z,53,47,no
211,22e31ea1-9216-46bc-86e5-3cd8834726e5,CPICOREYOY-23MAR-T5.6,100,2023-04-10T23:27:38.39603Z,53,47,yes
212,cdad2429-0f55-4bff-9582-2988922c9c8b,CPICOREYOY-23MAR-T5.6,200,2023-04-10T19:55:45.402628Z,52,48,no
213,a562a8a9-7362-4583-b62e-3983126f5780,CPICOREYOY-23MAR-T5.6,520,2023-04-10T19:55:45.402628Z,50,50,no
214,244cc7e6-0cc6-4950-9b97-0a9590157704,CPICOREYOY-23MAR-T5.6,400,2023-04-10T18:43:24.00479Z,56,44,no
215,2e370dda-6698-4e0f-9d97-62aadc910b75,CPICOREYOY-23MAR-T5.6,400,2023-04-10T18:42:59.496363Z,57,43,no
216,b3e70e49-42f8-4840-81ad-6e68ecf19817,CPICOREYOY-23MAR-T5.6,500,2023-04-10T18:11:41.580287Z,59,41,no
217,74f6676f-c544-4ead-8cb0-4acaf4153817,CPICOREYOY-23MAR-T5.6,300,2023-04-10T18:06:07.551188Z,60,40,no
218,d572a06b-b0e0-4d46-9571-53fdca24625b,CPICOREYOY-23MAR-T5.6,500,2023-04-10T17:20:42.756616Z,59,41,no
219,76fffe37-6b73-4100-9054-42c58348a0b0,CPICOREYOY-23MAR-T5.6,1000,2023-04-10T17:14:42.464968Z,60,40,no
220,503764f2-2e68-4600-bbe0-df3ca4412433,CPICOREYOY-23MAR-T5.6,400,2023-04-10T17:14:42.464968Z,62,38,no
221,883c9c93-5c9f-4b55-b403-35967a53f98e,CPICOREYOY-23MAR-T5.6,98,2023-04-10T14:14:06.164475Z,66,34,yes
222,9099790a-dc43-48b7-9ff8-b934f57a3bef,CPICOREYOY-23MAR-T5.6,500,2023-04-09T23:53:42.159885Z,65,35,yes
223,cd48a25f-9fde-454f-9021-e483b5082a5a,CPICOREYOY-23MAR-T5.6,250,2023-04-09T20:46:15.177949Z,61,39,no
224,7863a743-33a9-4562-82ad-aeeb067368b0,CPICOREYOY-23MAR-T5.6,500,2023-04-09T20:46:15.177949Z,59,41,no
225,233829d9-e600-4e32-80f8-574afb65862c,CPICOREYOY-23MAR-T5.6,26,2023-04-08T23:07:22.026938Z,62,38,no
226,2503b45f-5c55-4713-bba3-644a66d57e28,CPICOREYOY-23MAR-T5.6,200,2023-04-08T12:00:42.718042Z,62,38,no
227,998a04d8-2cbd-470b-98e5-f072169ce0eb,CPICOREYOY-23MAR-T5.6,200,2023-04-07T20:11:57.203824Z,63,37,no
228,a46ad6df-9e3f-4ae3-bbb4-3faf6feca124,CPICOREYOY-23MAR-T5.6,150,2023-04-04T14:35:43.175062Z,50,50,yes
229,5b71e589-0617-4164-bdea-c9ed9938f82a,CPICOREYOY-23MAR-T5.6,100,2023-04-04T14:35:43.163035Z,50,50,yes
230,d4a65505-3be3-4111-bd42-e9bd7528681e,CPICOREYOY-23MAR-T5.6,5,2023-04-03T15:06:15.705314Z,38,62,no
231,c26fd248-9ce5-41cb-a387-f8f4656aea48,CPICOREYOY-23MAR-T5.6,25,2023-04-03T13:15:47.163304Z,35,65,yes
232,bd35c966-03e0-4567-b52e-8a49a4fe8c9c,CPICOREYOY-23MAR-T5.6,100,2023-04-03T13:15:47.163304Z,38,62,yes
233,8bb04e53-db92-4085-8ea4-cc3979b39c8b,CPICOREYOY-23MAR-T5.6,100,2023-04-03T13:15:47.163304Z,40,60,yes
234,526a5c9f-6280-43c7-9f66-c758ac3ee6c8,CPICOREYOY-23MAR-T5.6,30,2023-04-03T13:15:47.163304Z,36,64,yes
235,02f2751e-ea8a-44e7-8e43-be55890c3115,CPICOREYOY-23MAR-T5.6,25,2023-04-03T13:15:47.163304Z,40,60,yes
236,119dc096-c122-4697-8130-ce9e02effb13,CPICOREYOY-23MAR-T5.6,50,2023-04-03T13:14:22.578308Z,34,66,yes
237,5900ee7e-75e4-424c-86ca-d7c09e038ca3,CPICOREYOY-23MAR-T5.6,100,2023-04-03T13:13:40.497915Z,26,74,yes
238,15cb527f-0666-4e9a-89bb-6ac37974781b,CPICOREYOY-23MAR-T5.6,70,2023-04-03T13:13:40.497915Z,24,76,yes
239,08de28f4-f906-4e5a-961a-7035f1e616d1,CPICOREYOY-23MAR-T5.6,100,2023-04-03T13:13:40.497915Z,28,72,yes
240,bde1792a-cf8f-438a-aa4f-c39fb71921d6,CPICOREYOY-23MAR-T5.6,300,2023-04-03T13:12:58.69546Z,18,82,yes
241,12768b8e-e931-4d86-b9bd-0748cdee5294,CPICOREYOY-23MAR-T5.6,300,2023-04-03T13:12:58.69546Z,19,81,yes
242,8e007bbb-795b-4979-8850-e40814bc626a,CPICOREYOY-23MAR-T5.6,120,2023-04-03T13:12:54.59864Z,16,84,yes
243,42f4d809-d907-472f-890a-216201c2ecab,CPICOREYOY-23MAR-T5.6,300,2023-04-03T13:12:11.60187Z,10,90,yes
244,3e6a6bff-328a-414d-99ee-35ad88481344,CPICOREYOY-23MAR-T5.6,300,2023-04-03T13:12:11.60187Z,9,91,yes
245,2ebbe5ee-11d5-4f1e-9115-02f71e8885c1,CPICOREYOY-23MAR-T5.6,300,2023-04-03T13:12:11.60187Z,11,89,yes
246,eaf1db26-6619-4bcf-b97f-63597d15f31e,CPICOREYOY-23MAR-T5.6,10,2023-04-02T23:57:15.287522Z,7,93,yes
247,dcea7ddc-e393-4d9f-aa02-367d5981c1cc,CPICOREYOY-23MAR-T5.7,3,2023-04-11T20:38:45.061316Z,9,91,no
248,8345c939-4d83-4aa8-b0ed-e254cb6050a0,CPICOREYOY-23MAR-T5.7,322,2023-04-11T15:45:50.162064Z,12,88,yes
249,7a437e9e-e16d-47e5-8308-020d5ad1dd81,CPICOREYOY-23MAR-T5.7,85,2023-04-11T15:45:50.162064Z,11,89,yes
250,92575793-b034-4c66-af70-d8f26a1c34bb,CPICOREYOY-23MAR-T5.7,20,2023-04-10T17:38:49.648823Z,12,88,no
251,a5216789-96fb-4905-bc0a-83404c352f8c,CPICOREYOY-23MAR-T5.7,2,2023-04-10T01:51:19.45575Z,12,88,no
252,da2b5afb-c26e-4e65-8d56-20a390d06ba7,CPICOREYOY-23MAR-T5.7,2,2023-04-09T22:17:39.875987Z,11,89,no
253,7108d866-5588-4326-9fa6-65b5ec1a0e72,CPICOREYOY-23MAR-T5.7,20,2023-04-09T12:18:23.17402Z,12,88,no
254,f5f7196a-ea7f-4b59-9080-aa4da6df96cc,CPICOREYOY-23MAR-T5.7,20,2023-04-09T12:17:04.240966Z,12,88,no
255,7e196147-ee6b-4742-aa91-d246b376c212,CPICOREYOY-23MAR-T5.7,20,2023-04-08T12:05:14.758275Z,12,88,no
256,d6ddfc3e-2b54-4587-a966-e9d0ea82fe71,CPICOREYOY-23MAR-T5.8,1000,2023-04-11T14:18:34.925606Z,1,99,no
257,69cb1a46-7460-4f16-a71e-ab2a7549aa4d,CPICOREYOY-23MAR-T5.8,500,2023-04-11T14:18:34.925606Z,1,99,no
258,f166c97d-5fed-4470-920e-effd4a14820f,CPICOREYOY-23MAR-T5.8,5,2023-04-10T12:27:51.813504Z,2,98,no
259,ea81204d-1c9b-4d8d-8b5c-fc554efb6fb4,CPICOREYOY-23MAR-T5.8,500,2023-04-08T19:02:11.601293Z,2,98,no
260,b502d800-1027-4345-bd7c-c6f392424bea,CPICOREYOY-23MAR-T5.8,100,2023-04-08T19:02:11.601293Z,3,97,no
261,d5a4124d-12fc-46ab-8757-5aaf7a5ea165,CPICOREYOY-23MAR-T5.8,500,2023-04-07T23:05:15.964143Z,2,98,no
262,bc5c1c10-3aff-492b-a991-080e8d4482d7,CPICOREYOY-23MAR-T5.8,500,2023-04-07T23:05:15.964143Z,3,97,no
263,326f48ea-e3f5-4044-911a-f7030fa917c8,CPICOREYOY-23APR-T4.8,4,2023-04-20T12:22:38.028177Z,55,45,no
264,4f59f27d-068e-4d3e-ad8d-b0e1555463e1,CPICOREYOY-23APR-T5.2,100,2023-05-08T20:41:54.985051Z,93,7,no
265,3e14889e-cbe3-4684-8d6d-3af5112485f6,CPICOREYOY-23APR-T5.2,80,2023-05-08T20:41:54.985051Z,92,8,no
266,cfa1f2a6-0e7f-4711-bc53-a69ae5fa3b19,CPICOREYOY-23APR-T5.2,80,2023-05-08T17:12:25.669529Z,96,4,yes
267,19c5f73e-f70c-4212-8394-896760d5fa50,CPICOREYOY-23APR-T5.2,100,2023-05-08T17:12:25.669529Z,97,3,yes
268,d07d6c06-1f86-4b70-89ce-25fdc11aaeaf,CPICOREYOY-23APR-T5.2,100,2023-04-27T16:29:07.459397Z,89,11,no
269,bafca54c-5d15-4dc6-9b39-efc343f12730,CPICOREYOY-23APR-T5.2,13,2023-04-16T12:48:40.21977Z,84,16,yes
270,1053c773-1def-4f05-93a8-747948c8365d,CPICOREYOY-23APR-T5.2,33,2023-04-16T12:48:40.21977Z,85,15,yes
271,76ea900e-f49d-4dd5-82ff-35de12f65924,CPICOREYOY-23APR-T5.3,54,2023-05-10T02:14:08.189609Z,92,8,yes
272,95616c66-6db2-47fd-a773-b726588c496c,CPICOREYOY-23APR-T5.3,97,2023-05-10T02:08:18.903852Z,92,8,yes
273,2203f9d8-3bfe-4352-b591-edee6ee54d2d,CPICOREYOY-23APR-T5.3,120,2023-05-10T02:08:18.903852Z,91,9,yes
274,f7591f0f-7317-4723-99de-337626c10eb4,CPICOREYOY-23APR-T5.3,100,2023-05-08T21:26:37.047865Z,82,18,no
275,829efe1f-268e-4a9d-9c1a-c5737dee92a0,CPICOREYOY-23APR-T5.3,100,2023-05-08T21:26:37.047865Z,80,20,no
276,1b864ad1-3a44-4129-a309-0954a82591ff,CPICOREYOY-23APR-T5.3,30,2023-05-08T21:26:37.047865Z,83,17,no
277,007740e0-a9cc-4605-a012-c94471c92309,CPICOREYOY-23APR-T5.3,110,2023-05-08T21:26:37.047865Z,75,25,no
278,e01b4ff1-1cfa-4264-b33b-51d0f80bf5c9,CPICOREYOY-23APR-T5.3,60,2023-05-08T20:41:42.505981Z,86,14,no
279,3d27099b-3731-41e8-b820-6342bf39f159,CPICOREYOY-23APR-T5.3,100,2023-05-08T20:41:42.505981Z,84,16,no
280,792d3406-6d67-420f-8188-38b401650362,CPICOREYOY-23APR-T5.3,100,2023-05-08T17:31:51.496019Z,91,9,yes
281,5b2f3452-504c-4a7a-94e4-8b9592d45627,CPICOREYOY-23APR-T5.3,20,2023-05-08T17:31:51.496019Z,93,7,yes
282,ccd027d0-4a39-415b-a40a-3086d7e83d33,CPICOREYOY-23APR-T5.3,100,2023-05-08T17:13:06.454878Z,89,11,yes
283,57eaf02f-209e-4dd7-bc05-57a70ccaca4f,CPICOREYOY-23APR-T5.3,20,2023-05-08T17:13:06.454878Z,87,13,yes
284,8c26348d-fc33-4dff-8795-8a3cc4730088,CPICOREYOY-23APR-T5.3,100,2023-05-08T17:12:30.316476Z,84,16,yes
285,5556db55-10e1-4321-b9f9-7599b7d3ede6,CPICOREYOY-23APR-T5.3,100,2023-05-08T17:12:30.316476Z,85,15,yes
286,475b5eac-c1a8-476b-abe7-fb6762016d6e,CPICOREYOY-23APR-T5.3,60,2023-05-08T17:12:30.316476Z,82,18,yes
287,26474c00-3de7-4c16-bcde-cb317f68e901,CPICOREYOY-23APR-T5.3,20,2023-04-29T17:30:11.053391Z,88,12,yes
288,9fcc81d6-4ef5-495a-b642-f1a79339a659,CPICOREYOY-23APR-T5.3,200,2023-04-29T17:27:33.224824Z,87,13,yes
289,99acf02a-d76f-4cb4-b0a2-6bb85ec541c0,CPICOREYOY-23APR-T5.3,100,2023-04-29T17:27:33.224824Z,84,16,yes
290,964a59ff-4429-4499-b8e5-5879d6f22fc4,CPICOREYOY-23APR-T5.3,200,2023-04-29T17:27:33.224824Z,86,14,yes
291,e6a96634-bec8-4530-b8d5-7193d29c260e,CPICOREYOY-23APR-T5.3,120,2023-04-29T17:09:10.544138Z,83,17,yes
292,4d274a67-bab5-49d0-9a91-ca91bb730408,CPICOREYOY-23APR-T5.3,120,2023-04-28T17:38:05.788912Z,82,18,yes
293,d594ced0-2991-48a0-8b38-94a37a4473ab,CPICOREYOY-23APR-T5.3,20,2023-04-28T17:37:49.721898Z,81,19,yes
294,19c6091f-8d34-4176-8dd5-4f13b1221efe,CPICOREYOY-23APR-T5.3,200,2023-04-28T17:31:14.068025Z,81,19,yes
295,3e8b46a1-1a9a-4798-9a4c-482858d9574b,CPICOREYOY-23APR-T5.3,20,2023-04-28T17:31:06.252942Z,79,21,yes
296,90bf4394-d63d-4439-99e5-63a17f036386,CPICOREYOY-23APR-T5.3,15,2023-04-22T12:21:13.110053Z,83,17,yes
297,9d61cb6f-f0e2-409c-b04a-c503bf7aaa4d,CPICOREYOY-23APR-T5.3,140,2023-04-22T12:19:41.801166Z,82,18,yes
298,649a6754-2b83-4f7b-a924-1846d878a424,CPICOREYOY-23APR-T5.3,100,2023-04-20T16:11:05.194798Z,70,30,no
299,15b9b511-4579-4f5a-bf17-3d31a14905d0,CPICOREYOY-23APR-T5.3,100,2023-04-20T16:11:05.194798Z,72,28,no
300,0d4e0104-4901-4495-ba66-2076a3ecca51,CPICOREYOY-23APR-T5.3,30,2023-04-20T16:11:05.194798Z,74,26,no
301,343dd30f-dc1e-46d4-8814-6681d5225056,CPICOREYOY-23APR-T5.3,100,2023-04-20T01:55:32.408571Z,74,26,no
302,0eb9bb79-5749-455f-a9b1-f6fcf6bd4f25,CPICOREYOY-23APR-T5.3,5,2023-04-20T01:55:32.408571Z,76,24,no
303,c50703d0-8db5-4b5c-9679-2ba9465bcc20,CPICOREYOY-23APR-T5.3,180,2023-04-17T19:08:48.479525Z,86,14,yes
304,6c978f70-896d-48a9-bba8-2002eaf0982e,CPICOREYOY-23APR-T5.3,57,2023-04-17T17:55:57.842979Z,85,15,yes
305,8b3c5160-41f8-4378-8c9d-cec15d3d251a,CPICOREYOY-23APR-T5.3,180,2023-04-17T17:55:43.88665Z,84,16,yes
306,974919d2-9ace-4881-8e27-c9a2e60fb44c,CPICOREYOY-23APR-T5.3,120,2023-04-17T15:53:17.138198Z,80,20,yes
307,33b4cb54-d14d-4c4a-9dba-6594aec42c8e,CPICOREYOY-23APR-T5.3,200,2023-04-17T15:53:17.138198Z,82,18,yes
308,c55a0bb2-0091-443b-8a53-aec3aedaf39e,CPICOREYOY-23APR-T5.3,200,2023-04-17T02:40:04.064151Z,82,18,no
309,4f7442a1-b583-4ec9-87fb-b8946bc78374,CPICOREYOY-23APR-T5.3,180,2023-04-17T02:40:04.064151Z,84,16,no
310,ca57e4ea-0bc3-426d-a374-8dcbd1dd252c,CPICOREYOY-23APR-T5.3,20,2023-04-17T02:38:41.615505Z,87,13,no
311,af76de82-7ffe-44fe-b08c-cf5f56480128,CPICOREYOY-23APR-T5.3,200,2023-04-17T02:38:41.615505Z,86,14,no
312,55aaed0a-430f-48c2-a011-a704e70c03c2,CPICOREYOY-23APR-T5.3,200,2023-04-17T02:38:41.615505Z,85,15,no
313,fcae50c4-3fc7-4ea3-8116-8a559ff8fc9d,CPICOREYOY-23APR-T5.3,23,2023-04-16T16:03:15.505789Z,87,13,yes
314,fd0dcea5-a402-4f1b-a3ee-f159d27ce843,CPICOREYOY-23APR-T5.3,70,2023-04-14T16:37:05.078155Z,84,16,no
315,b6f48cdb-d066-4f8b-b4a8-fbab740b9d3f,CPICOREYOY-23APR-T5.3,100,2023-04-14T16:37:05.078155Z,82,18,no
316,a14400c4-8934-4b60-b942-a1239b59810f,CPICOREYOY-23APR-T5.3,100,2023-04-14T16:36:15.566207Z,86,14,no
317,1300522d-a446-4de2-89fe-eda2bae9d920,CPICOREYOY-23APR-T5.3,10,2023-04-14T16:36:15.566207Z,88,12,no
318,0e1084e1-6f9f-4360-9724-17f5a3a965ed,CPICOREYOY-23APR-T5.3,100,2023-04-14T16:36:15.566207Z,87,13,no
319,76a98a4a-4bf7-4fc3-a40b-897096bdbe74,CPICOREYOY-23APR-T5.3,100,2023-04-13T18:01:42.696031Z,88,12,no
320,5298584d-c289-459c-86d1-650b5bfa93bd,CPICOREYOY-23APR-T5.3,60,2023-04-13T18:01:42.696031Z,89,11,no
321,f533ecc7-1f65-4547-abcd-fd735d005dba,CPICOREYOY-23APR-T5.3,100,2023-04-13T17:06:23.18289Z,90,10,no
322,b07c834f-ec14-468d-8425-ab81f30bd91d,CPICOREYOY-23APR-T5.3,40,2023-04-13T17:06:23.18289Z,91,9,no
323,4ce08e54-b6dd-4fdc-ba61-9d54fbe00754,CPICOREYOY-23APR-T5.3,100,2023-04-13T17:06:23.18289Z,89,11,no
324,d0f5a8da-87fc-4dd2-975b-54f25095b2b9,CPICOREYOY-23APR-T5.4,120,2023-05-10T12:24:04.035477Z,74,26,no
325,1c366085-75bb-4d17-af9a-e9a5589a1caa,CPICOREYOY-23APR-T5.4,300,2023-05-10T12:24:04.035477Z,72,28,no
326,afc0fd1f-c3ee-4344-9506-c715539a2524,CPICOREYOY-23APR-T5.4,20,2023-05-10T12:05:10.38355Z,74,26,no
327,576cb01c-429f-4ddc-a446-93387e6366e1,CPICOREYOY-23APR-T5.4,50,2023-05-10T01:45:08.128073Z,77,23,yes
328,8d336b8e-a5a5-40d6-be8f-b8c9f73f495e,CPICOREYOY-23APR-T5.4,180,2023-05-09T21:29:55.126658Z,75,25,yes
329,f33475c6-0b3f-460b-9d14-fbc0909fb279,CPICOREYOY-23APR-T5.4,300,2023-05-09T20:00:33.066316Z,68,32,yes
330,cae1d391-b96f-43b8-8ef7-1d2ab8bdd7f8,CPICOREYOY-23APR-T5.4,30,2023-05-09T20:00:33.066316Z,66,34,yes
331,7ec2aa33-33c5-449f-a590-4ed7fb0e4228,CPICOREYOY-23APR-T5.4,28,2023-05-09T20:00:33.066316Z,72,28,yes
332,e8183ec2-308f-4181-aa36-d05234253607,CPICOREYOY-23APR-T5.4,5,2023-05-09T19:59:07.914927Z,79,21,yes
333,bd37eeef-1cc5-4643-bc14-3f4bd5bfb7a6,CPICOREYOY-23APR-T5.4,60,2023-05-09T19:59:07.914927Z,61,39,yes
334,b954d668-427f-459b-a6eb-53876e632c24,CPICOREYOY-23APR-T5.4,1,2023-05-09T19:59:07.914927Z,78,22,yes
335,7dc9c4e3-7789-42d9-95c6-93a5a11f652a,CPICOREYOY-23APR-T5.4,300,2023-05-09T19:59:07.914927Z,63,37,yes
336,7d6decac-bbcd-42ef-8565-ba243ea07f3d,CPICOREYOY-23APR-T5.4,1,2023-05-09T19:59:07.914927Z,78,22,yes
337,60a8bab4-c777-4745-9730-6c0638ed4ce2,CPICOREYOY-23APR-T5.4,2,2023-05-09T19:59:07.914927Z,80,20,yes
338,37173339-08c2-4d1d-806e-bb2dce6a1b40,CPICOREYOY-23APR-T5.4,2,2023-05-09T19:59:07.914927Z,78,22,yes
339,334e2d6c-f1a0-4823-870b-202d6bb1111f,CPICOREYOY-23APR-T5.4,3,2023-05-09T19:59:07.914927Z,80,20,yes
340,30988795-b7cb-47c6-9078-eede86b9b42b,CPICOREYOY-23APR-T5.4,4,2023-05-09T19:59:07.914927Z,80,20,yes
341,24eecbe4-3021-4d0e-98ac-0cd6673197a8,CPICOREYOY-23APR-T5.4,1,2023-05-09T19:59:07.914927Z,80,20,yes
342,0036c870-b294-4480-bd91-058fef1f5627,CPICOREYOY-23APR-T5.4,300,2023-05-09T19:59:07.914927Z,66,34,yes
343,38f7b3e3-a284-4125-9368-d1f9d6e002e4,CPICOREYOY-23APR-T5.4,30,2023-05-09T17:57:08.474637Z,56,44,yes
344,24260a53-203a-469c-8758-42c8c32378c7,CPICOREYOY-23APR-T5.4,300,2023-05-09T17:57:08.474637Z,58,42,yes
345,15103fb7-406c-481e-ae79-c5f1373ebfa6,CPICOREYOY-23APR-T5.4,40,2023-05-08T20:04:18.989404Z,64,36,yes
346,c7996559-3927-47ac-9633-15cf0014acea,CPICOREYOY-23APR-T5.4,60,2023-05-08T20:03:48.162268Z,61,39,yes
347,525c4b23-c79e-4d26-a730-0fbc3a549484,CPICOREYOY-23APR-T5.4,100,2023-05-08T20:03:48.162268Z,63,37,yes
348,ad78fa5d-a2bf-4409-b8b1-55d881e42f8b,CPICOREYOY-23APR-T5.4,10,2023-05-08T17:40:42.112557Z,56,44,yes
349,7fa75848-9c57-4ce2-aec7-543f3f8297ec,CPICOREYOY-23APR-T5.4,100,2023-05-08T17:40:42.112557Z,58,42,yes
350,9b6b675b-5d0f-4275-a0a9-7e946fe45342,CPICOREYOY-23APR-T5.4,10,2023-05-08T17:30:18.864213Z,52,48,yes
351,74ef6c5a-88f2-4b1e-9aef-284e901df2d4,CPICOREYOY-23APR-T5.4,90,2023-05-08T17:30:18.864213Z,54,46,yes
352,d4fb1811-2a13-4626-a010-d6ed972923ba,CPICOREYOY-23APR-T5.4,250,2023-05-08T17:24:22.965679Z,50,50,no
353,efadb3c8-db7d-4ff7-a7cb-c4a2a25c8eae,CPICOREYOY-23APR-T5.4,16,2023-05-08T17:19:03.998101Z,52,48,yes
354,9d117e06-a669-4b76-aae2-1f86cebeedc8,CPICOREYOY-23APR-T5.4,40,2023-05-08T17:12:56.468909Z,48,52,yes
355,9b1398f8-1f28-44e6-a18b-17b5a5118924,CPICOREYOY-23APR-T5.4,100,2023-05-08T17:12:56.468909Z,50,50,yes
356,6d7c810f-a05d-4050-b17a-4ebab55b16bc,CPICOREYOY-23APR-T5.4,10,2023-05-08T17:12:45.600678Z,45,55,yes
357,1a025500-c11b-4c5c-8c9d-e21cd8d76865,CPICOREYOY-23APR-T5.4,100,2023-05-08T17:12:45.600678Z,47,53,yes
358,b5745e19-5d9c-4d12-9e8f-d06ffa767fe2,CPICOREYOY-23APR-T5.4,10,2023-05-08T16:45:20.957122Z,44,56,yes
359,62c1628f-93d4-44a2-8340-f630b3c4f60f,CPICOREYOY-23APR-T5.4,11,2023-05-08T16:44:51.332832Z,44,56,yes
360,93d998fd-a771-4a4f-a5d1-60e3899f6bfd,CPICOREYOY-23APR-T5.4,45,2023-05-08T16:09:23.966667Z,45,55,no
361,c71c57fe-562e-4b3c-8048-ec241d73ee1e,CPICOREYOY-23APR-T5.4,10,2023-05-05T22:21:36.940272Z,65,35,yes
362,be0f25f8-aec7-4500-8865-de3ac4a25cd4,CPICOREYOY-23APR-T5.4,1,2023-05-04T14:11:13.111295Z,65,35,yes
363,0d561589-2032-40fc-aed1-6b596cc50f6e,CPICOREYOY-23APR-T5.4,1,2023-05-04T14:10:47.943414Z,65,35,yes
364,d2c04a6a-e878-4a9e-a1b0-8fea5fa3b144,CPICOREYOY-23APR-T5.4,93,2023-05-03T18:59:08.362037Z,65,35,yes
365,7f2a40f3-33ee-4b8f-a230-2fc8cd7f2e2b,CPICOREYOY-23APR-T5.4,10,2023-05-02T16:38:23.149172Z,65,35,yes
366,96d93c90-84d3-414c-bc13-efc865cd4a86,CPICOREYOY-23APR-T5.4,93,2023-05-01T19:09:03.654535Z,51,49,no
367,7b65185d-43c4-4c49-8c98-5bf83677db22,CPICOREYOY-23APR-T5.4,7,2023-05-01T17:55:18.786813Z,51,49,no
368,bb535875-ae6b-4fae-b179-bc68210f3e1d,CPICOREYOY-23APR-T5.4,1,2023-05-01T01:43:54.784475Z,59,41,yes
369,750bc55e-a6ad-404f-ab94-b91c4f457f41,CPICOREYOY-23APR-T5.4,50,2023-04-28T17:28:43.982409Z,60,40,no
370,afb3ac8d-b879-4d78-b4c7-4d2c05da3f3e,CPICOREYOY-23APR-T5.4,150,2023-04-28T17:14:17.340306Z,65,35,yes
371,83ebb792-ccb8-476e-963f-676102718003,CPICOREYOY-23APR-T5.4,6,2023-04-28T00:33:41.251812Z,65,35,yes
372,a997355e-273f-42d8-a78a-ef808402c499,CPICOREYOY-23APR-T5.4,80,2023-04-27T17:36:17.63191Z,68,32,yes
373,0d4c9ea4-6bd2-4647-804c-04b93f72a471,CPICOREYOY-23APR-T5.4,60,2023-04-27T17:08:15.526263Z,60,40,no
374,edb90668-865d-4642-9a13-88f7876a7f00,CPICOREYOY-23APR-T5.4,40,2023-04-26T20:47:56.006951Z,65,35,no
375,c9de0438-a338-4f61-997d-b195382740c8,CPICOREYOY-23APR-T5.4,200,2023-04-26T20:47:56.006951Z,63,37,no
376,48f88517-96f3-49b9-b230-7a8f30fbe974,CPICOREYOY-23APR-T5.4,80,2023-04-25T16:05:50.684167Z,68,32,yes
377,474fac80-a739-4df2-a792-89368aeba2c0,CPICOREYOY-23APR-T5.4,120,2023-04-24T22:21:41.327918Z,65,35,yes
378,9699058a-216a-44b5-bea1-a97068288e06,CPICOREYOY-23APR-T5.4,80,2023-04-24T19:38:42.530458Z,64,36,yes
379,d8991e24-7050-4820-b71c-acf15798ea54,CPICOREYOY-23APR-T5.4,120,2023-04-23T12:43:57.581357Z,57,43,no
380,5a18679d-85a2-4945-bf93-acacb07becc2,CPICOREYOY-23APR-T5.4,400,2023-04-23T12:43:57.581357Z,56,44,no
381,4ef8be4d-a8d5-4f96-9ec7-7f43dd398f91,CPICOREYOY-23APR-T5.4,40,2023-04-22T12:40:19.9599Z,64,36,yes
382,4bedf126-50e8-4bd9-a5e7-56858e7f6390,CPICOREYOY-23APR-T5.4,50,2023-04-22T12:40:19.9599Z,63,37,yes
383,ab7706c9-2d6d-4733-a032-5a485239f8c7,CPICOREYOY-23APR-T5.4,50,2023-04-22T12:20:17.590478Z,63,37,yes
384,ebb68f06-9f2b-4386-bbad-673ceccbdede,CPICOREYOY-23APR-T5.4,100,2023-04-20T01:18:16.257304Z,55,45,no
385,682658b9-33b3-4341-8627-4d941d7204a7,CPICOREYOY-23APR-T5.4,100,2023-04-20T01:18:16.257304Z,57,43,no
386,60e7cc42-f3a6-4152-a8d5-213752b3cfec,CPICOREYOY-23APR-T5.4,20,2023-04-20T01:18:16.257304Z,60,40,no
387,f457ac6e-aa36-4d3b-b0c6-43eafabe2aba,CPICOREYOY-23APR-T5.4,100,2023-04-20T01:17:50.972611Z,60,40,no
388,c873fb26-4d2c-4842-8fa6-87ecc1b239d5,CPICOREYOY-23APR-T5.4,100,2023-04-20T01:17:50.972611Z,62,38,no
389,313249ce-db33-4f9d-822b-4adaa93a2660,CPICOREYOY-23APR-T5.4,50,2023-04-20T01:17:50.972611Z,65,35,no
390,ba2bead2-668e-40a0-8e12-7f4e2b2222a8,CPICOREYOY-23APR-T5.4,10,2023-04-19T18:48:58.444237Z,65,35,no
391,45dcc353-7923-4aed-b8cf-e1ddb7a8a3c2,CPICOREYOY-23APR-T5.4,200,2023-04-19T18:43:34.693149Z,66,34,no
392,26a4fe7b-f933-4baf-bc76-c791428e7671,CPICOREYOY-23APR-T5.4,80,2023-04-19T18:43:34.693149Z,68,32,no
393,7898d99b-5cca-438e-a7f2-2fa7ed020fb8,CPICOREYOY-23APR-T5.4,100,2023-04-19T18:30:59.818458Z,69,31,no
394,e1f54ce2-2e60-4f88-8d66-dc131397547c,CPICOREYOY-23APR-T5.4,60,2023-04-19T18:29:15.253698Z,72,28,no
395,4c950e2e-358f-4846-8212-9c718d9f3a0e,CPICOREYOY-23APR-T5.4,200,2023-04-19T18:29:15.253698Z,70,30,no
396,fd9da7e4-cd22-4e56-9ab8-23b48b310ed9,CPICOREYOY-23APR-T5.4,200,2023-04-18T20:07:09.05614Z,78,22,yes
397,6bb94ab2-fd97-4a45-93b3-9b8056f69d19,CPICOREYOY-23APR-T5.4,20,2023-04-18T20:07:09.05614Z,76,24,yes
398,639f0207-2cc7-45cf-8931-2e31e00bd095,CPICOREYOY-23APR-T5.4,90,2023-04-18T20:07:09.05614Z,80,20,yes
399,ef221298-bf0b-4756-b35b-70dc4bad6944,CPICOREYOY-23APR-T5.4,32,2023-04-17T22:18:16.60934Z,76,24,yes
400,5e15dfc1-90da-4f48-abbc-85988164a4ca,CPICOREYOY-23APR-T5.4,60,2023-04-17T17:55:52.529873Z,72,28,yes
401,bc3fb832-e8b8-4907-958b-e8b9bfd69584,CPICOREYOY-23APR-T5.4,40,2023-04-17T15:53:07.644708Z,67,33,yes
402,418ab506-8556-4d1d-9baa-48cf74328abb,CPICOREYOY-23APR-T5.4,200,2023-04-17T15:53:07.644708Z,69,31,yes
403,4a9a5793-9ca4-49ba-bf50-4e155ea67a94,CPICOREYOY-23APR-T5.4,200,2023-04-17T02:39:55.347147Z,70,30,no
404,16f6d806-97f6-4e72-9da9-588090176d82,CPICOREYOY-23APR-T5.4,80,2023-04-17T02:39:55.347147Z,72,28,no
405,ee4cd34f-2487-4e07-b23b-3d6f5354db4b,CPICOREYOY-23APR-T5.4,100,2023-04-14T16:36:40.766417Z,69,31,no
406,25237913-dfce-4dcc-b448-e3bbd11f2bbf,CPICOREYOY-23APR-T5.4,60,2023-04-14T16:36:40.766417Z,71,29,no
407,cadd7a5d-3f3e-45ea-8955-600797535a87,CPICOREYOY-23APR-T5.4,100,2023-04-13T17:06:11.295824Z,75,25,no
408,562152c6-046c-4ff9-aadd-c7a4e6975d5d,CPICOREYOY-23APR-T5.4,70,2023-04-13T17:06:11.295824Z,77,23,no
409,a3c44154-9036-4c6c-b25f-c6d40402e8fc,CPICOREYOY-23APR-T5.4,20,2023-04-10T12:01:24.993339Z,83,17,no
410,0dd62921-d128-4c1c-8f0b-58e35143f67e,CPICOREYOY-23APR-T5.5,88,2023-05-10T12:20:35.743603Z,27,73,yes
411,835b91e3-6e8b-4beb-b14f-1710e21baffd,CPICOREYOY-23APR-T5.5,96,2023-05-10T03:42:49.023519Z,27,73,yes
412,4e7b0794-e6d3-4d11-998c-8777c9c74a58,CPICOREYOY-23APR-T5.5,300,2023-05-10T03:42:49.023519Z,25,75,yes
413,491ebf85-3dc0-4bec-af7c-74ae423b8ba4,CPICOREYOY-23APR-T5.5,180,2023-05-10T03:42:49.023519Z,23,77,yes
414,0a851570-4519-45fd-ae0d-f416e6ec5f21,CPICOREYOY-23APR-T5.5,120,2023-05-10T02:43:13.550901Z,22,78,yes
415,e6f53482-4971-4186-a2d3-a4a8ac4700f6,CPICOREYOY-23APR-T5.5,300,2023-05-09T21:49:08.375147Z,19,81,yes
416,80f79ce7-440e-41f6-ae22-cee9ba1c27ce,CPICOREYOY-23APR-T5.5,120,2023-05-09T21:49:08.375147Z,17,83,yes
417,0d478d0a-81b0-4e23-a3f5-67b1457208bd,CPICOREYOY-23APR-T5.5,300,2023-05-09T21:49:08.375147Z,20,80,yes
418,265703ed-9810-4824-b4ce-4f19d3023e93,CPICOREYOY-23APR-T5.5,85,2023-05-09T14:45:41.634941Z,17,83,yes
419,8e2d00fb-3c6e-4e6d-a3e4-11a70cffa849,CPICOREYOY-23APR-T5.5,100,2023-05-08T19:00:03.160115Z,18,82,no
420,80c29e1b-e810-4d7f-8cc7-531ce3b01d96,CPICOREYOY-23APR-T5.5,30,2023-05-08T19:00:03.160115Z,20,80,no
421,042680d9-78e6-4945-bc56-dcbe7a98dd61,CPICOREYOY-23APR-T5.5,100,2023-05-08T19:00:03.160115Z,17,83,no
422,e5095bf3-c84a-4f98-b3fe-8e76b0ce9bfd,CPICOREYOY-23APR-T5.5,30,2023-05-08T17:42:48.005151Z,21,79,yes
423,b0dd92d2-3866-40f7-9ec7-a9283edf9bbb,CPICOREYOY-23APR-T5.5,100,2023-05-08T17:42:48.005151Z,25,75,yes
424,74489cca-7115-4215-9a03-bb3341556235,CPICOREYOY-23APR-T5.5,100,2023-05-08T17:42:48.005151Z,23,77,yes
425,863a99c2-fc4b-46db-b324-310403113433,CPICOREYOY-23APR-T5.5,35,2023-05-04T20:17:13.067414Z,30,70,yes
426,1956b752-44c4-47ea-9705-c4289b75e0f0,CPICOREYOY-23APR-T5.5,50,2023-05-02T21:27:22.695986Z,30,70,yes
427,eff188a4-9af8-48ff-bf76-6e05911d0b44,CPICOREYOY-23APR-T5.5,50,2023-05-01T19:09:08.860311Z,18,82,no
428,4c6076b6-703a-4964-84bf-b3d0636ca4bd,CPICOREYOY-23APR-T5.5,1,2023-05-01T01:43:22.035303Z,27,73,yes
429,4327a3c5-14ff-4da7-8eaa-2f2b018adbce,CPICOREYOY-23APR-T5.5,60,2023-04-28T17:14:09.727403Z,30,70,yes
430,ef60b201-f3a2-40e9-927b-c8bab7418d82,CPICOREYOY-23APR-T5.5,1,2023-04-28T00:32:51.371555Z,30,70,yes
431,475197ae-b5da-4b7b-be2b-501b15ae2821,CPICOREYOY-23APR-T5.5,40,2023-04-27T17:36:13.309157Z,32,68,yes
432,a4a89220-bb69-4f08-931a-6ef13c6d3f8d,CPICOREYOY-23APR-T5.5,200,2023-04-27T17:08:22.446447Z,23,77,no
433,49813a9f-9b5d-4e0f-bd8b-8a9f33dcbc8a,CPICOREYOY-23APR-T5.5,60,2023-04-27T17:08:22.446447Z,25,75,no
434,81c725e9-2201-48ae-a39d-10ee5f80bce7,CPICOREYOY-23APR-T5.5,100,2023-04-26T23:40:45.572512Z,26,74,yes
435,f06822fe-95f3-4dff-99af-cfb81cdafd1e,CPICOREYOY-23APR-T5.5,20,2023-04-26T20:53:29.518972Z,26,74,yes
436,9d3b0131-050a-4209-9885-b81e4cc76d5d,CPICOREYOY-23APR-T5.5,80,2023-04-26T20:48:12.517141Z,26,74,yes
437,b0e4b0c4-e2fc-49b9-8c45-849a21d1f77c,CPICOREYOY-23APR-T5.5,200,2023-04-26T20:48:03.699304Z,27,73,no
438,51b208ed-6b32-4944-9a10-a05bccfe79d8,CPICOREYOY-23APR-T5.5,40,2023-04-26T20:48:03.699304Z,28,72,no
439,0b680fad-a849-4e48-b017-064d20425eed,CPICOREYOY-23APR-T5.5,55,2023-04-25T20:03:26.180498Z,38,62,yes
440,22599cc3-0eb1-408f-bce7-8f309b630f47,CPICOREYOY-23APR-T5.5,400,2023-04-25T20:03:14.767122Z,37,63,yes
441,8390e191-8e71-4d40-a0fe-c09c085f287b,CPICOREYOY-23APR-T5.5,80,2023-04-25T20:03:09.822757Z,35,65,yes
442,0c9c02de-25c2-4adc-a8c0-ee252bb07e78,CPICOREYOY-23APR-T5.5,100,2023-04-25T16:05:43.796604Z,31,69,yes
443,0ec976e0-007e-465e-8cb6-7a8d7a20d6e1,CPICOREYOY-23APR-T5.5,200,2023-04-24T22:21:32.792928Z,29,71,yes
444,286fcb8f-5f0d-4c92-a548-c3fb267fdba0,CPICOREYOY-23APR-T5.5,50,2023-04-23T21:45:07.826461Z,28,72,yes
445,16b4967b-eb1e-4958-bc49-aaab9b9e050c,CPICOREYOY-23APR-T5.5,1,2023-04-22T16:43:02.157349Z,30,70,yes
446,547caa70-1ddf-4485-a37a-8a6a144a20c4,CPICOREYOY-23APR-T5.5,37,2023-04-22T12:40:36.938957Z,27,73,yes
447,37fc8434-4de3-4bbd-90b1-bff3646d609f,CPICOREYOY-23APR-T5.5,13,2023-04-22T12:40:36.938957Z,28,72,yes
448,fd5728b3-d339-40d4-aac5-0c51c136da8e,CPICOREYOY-23APR-T5.5,63,2023-04-22T12:20:05.102693Z,27,73,yes
449,738e0f77-9619-465d-8b35-0ddc984ede6e,CPICOREYOY-23APR-T5.5,100,2023-04-20T23:27:54.349124Z,19,81,no
450,87295c48-828e-417e-89f2-633b6a3ddf1d,CPICOREYOY-23APR-T5.5,1,2023-04-20T02:03:34.204978Z,27,73,yes
451,ed73bcff-0e4e-4876-ae0b-43086408f90f,CPICOREYOY-23APR-T5.5,30,2023-04-20T01:17:56.007541Z,27,73,no
452,eaed83f2-b7bd-4d79-9a67-6c92689ac520,CPICOREYOY-23APR-T5.5,100,2023-04-20T01:17:56.007541Z,25,75,no
453,269456d4-65c0-450e-8c7c-8a4f163d4bf0,CPICOREYOY-23APR-T5.5,100,2023-04-20T01:17:56.007541Z,23,77,no
454,c6fdff10-8bcb-4a4a-aa8a-28e95b9f73c5,CPICOREYOY-23APR-T5.5,40,2023-04-19T18:31:35.278963Z,31,69,no
455,67b6c9d2-4483-40f4-9255-abe11a1e2993,CPICOREYOY-23APR-T5.5,25,2023-04-19T18:31:35.278963Z,32,68,no
456,9d2dc953-f4a9-4357-aea3-750c26046b65,CPICOREYOY-23APR-T5.5,60,2023-04-19T02:08:58.34957Z,33,67,no
457,7eaa32c9-0aae-45f9-acc0-e0ec753ea321,CPICOREYOY-23APR-T5.5,50,2023-04-19T02:08:58.34957Z,34,66,no
458,d37febfb-316a-4ba4-a874-61eec3dfcdd9,CPICOREYOY-23APR-T5.5,10,2023-04-17T15:48:54.101557Z,28,72,no
459,cd8cd3be-9bca-4270-9ee0-4fb4e69a6553,CPICOREYOY-23APR-T5.5,100,2023-04-17T14:40:01.35213Z,32,68,no
460,a7c70960-63de-4219-a2a6-a165d30f3573,CPICOREYOY-23APR-T5.5,200,2023-04-17T14:40:01.35213Z,30,70,no
461,75a0b999-ed79-43c5-be72-7db720f001ac,CPICOREYOY-23APR-T5.5,6,2023-04-17T02:40:52.525376Z,36,64,no
462,536ad92a-1fc7-47f4-9113-ab97f7df5908,CPICOREYOY-23APR-T5.5,66,2023-04-17T02:40:52.525376Z,32,68,no
463,1e8e9dde-d12b-4640-9f74-0a3851a2f88c,CPICOREYOY-23APR-T5.5,66,2023-04-17T02:40:52.525376Z,34,66,no
464,0eba6f83-5048-4d21-a050-346edadcebed,CPICOREYOY-23APR-T5.5,50,2023-04-16T15:35:31.182878Z,38,62,no
465,7146612e-b812-4e4a-a456-f7090985708d,CPICOREYOY-23APR-T5.5,27,2023-04-15T22:44:48.683014Z,41,59,yes
466,5aabe5f5-743e-4c41-8b33-ef2a4c4e322d,CPICOREYOY-23APR-T5.5,3,2023-04-15T22:44:48.683014Z,39,61,yes
467,d578b351-27cb-40fc-a465-63f0f36f6ac8,CPICOREYOY-23APR-T5.5,50,2023-04-13T14:45:58.61465Z,46,54,no
468,b0f6e19e-9e88-499e-8407-f33f578a3518,CPICOREYOY-23APR-T5.5,40,2023-04-13T14:45:43.09648Z,47,53,no
469,9cdce59e-5fbc-4633-b420-055ded8a2ef0,CPICOREYOY-23APR-T5.5,150,2023-04-12T20:50:19.923257Z,41,59,no
470,3a483321-e631-437e-bf18-b3258081e160,CPICOREYOY-23APR-T5.5,75,2023-04-12T20:50:19.923257Z,43,57,no
471,845e4287-549b-4a10-9512-eb7add8d9e95,CPICOREYOY-23APR-T5.5,1,2023-04-12T19:00:14.040079Z,47,53,yes
472,2e6fd32a-dd84-4bce-85a8-0bafcdf2335a,CPICOREYOY-23APR-T5.5,75,2023-04-12T17:28:42.266906Z,44,56,no
473,352efd54-fd79-4e90-a444-dee9d682ffac,CPICOREYOY-23APR-T5.5,60,2023-04-12T17:28:23.683294Z,45,55,no
474,d4c3a357-2359-4f32-bc2b-5655b5e6353e,CPICOREYOY-23APR-T5.5,150,2023-04-12T17:25:30.313447Z,45,55,no
475,9c3af6a9-bd04-48b8-b45b-fb3d3017da71,CPICOREYOY-23APR-T5.5,60,2023-04-12T17:25:30.313447Z,48,52,no
476,8c635b64-aaa0-4826-9d39-854eef1d737b,CPICOREYOY-23APR-T5.5,70,2023-04-10T19:35:48.54889Z,74,26,no
477,59db3524-e2f8-40c8-9c73-4be2e8440bae,CPICOREYOY-23APR-T5.5,60,2023-04-10T19:35:22.419206Z,75,25,no
478,9f6f1af7-3187-47df-8e98-a3db252634a7,CPICOREYOY-23APR-T5.5,70,2023-04-10T19:32:44.320598Z,76,24,no
479,8d6933ac-da99-4fa2-9a7c-5e0379caa4be,CPICOREYOY-23APR-T5.5,50,2023-04-10T12:01:45.512528Z,77,23,no
480,10e3837b-67a9-43a1-9381-b3f847ddc7ec,CPICOREYOY-23APR-T5.5,70,2023-04-10T12:01:11.296949Z,78,22,no
481,6d1dd0ce-850c-42e6-9a5f-727dfdc43f06,CPICOREYOY-23APR-T5.6,51,2023-05-10T02:12:19.176207Z,3,97,no
482,1bef5a48-ee41-48d9-8991-689bbd06ac37,CPICOREYOY-23APR-T5.6,27,2023-05-09T03:08:30.985413Z,9,91,yes
483,b1e18ab1-8f5c-42d8-a3d9-02e0b6ec05a2,CPICOREYOY-23APR-T5.6,100,2023-04-26T20:48:11.468074Z,6,94,no
484,82dd0ac5-e3dc-41f8-8cf6-9b36e5b47ec3,CPICOREYOY-23APR-T5.6,100,2023-04-20T01:18:01.884537Z,7,93,no
485,7386a7a2-082c-4fdd-b508-04ebf3f7ae0c,CPICOREYOY-23APR-T5.6,20,2023-04-20T01:18:01.884537Z,8,92,no
486,1743d820-e890-4553-97ca-9b59f4259e8c,CPICOREYOY-23APR-T5.6,100,2023-04-20T01:18:01.884537Z,6,94,no
487,cb8a8c6e-9a62-45a0-9fe1-710d876a98e4,CPICOREYOY-23APR-T5.6,26,2023-04-16T12:49:47.076471Z,17,83,no
488,59ec06c1-8849-4757-be4a-fe9b3a7914b2,CPICOREYOY-23APR-T5.6,16,2023-04-16T12:49:17.907637Z,18,82,no
489,6a662107-09a4-4b5e-b826-18380e8b5248,CPICOREYOY-23APR-T5.6,30,2023-04-12T21:34:31.300472Z,23,77,yes
490,3150ed52-8c33-4511-92d7-739015c15bf1,CPICOREYOY-23APR-T5.6,150,2023-04-12T17:20:14.181519Z,21,79,no
491,a386bd0b-a09e-46a6-aa49-ddf02dda8ce9,CPICOREYOY-23APR-T5.6,90,2023-04-12T17:16:44.027185Z,23,77,no
492,3a232b5e-4b6f-45e4-9670-e634be2710d0,CPICOREYOY-23APR-T5.7,200,2023-04-18T17:07:58.195777Z,5,95,yes
493,3e15aaf2-25ef-4409-9bd0-d260c9d6cc47,CPICOREYOY-23APR-T5.7,33,2023-04-16T12:49:22.481083Z,6,94,no
494,675d8d22-65a1-4fb8-b624-69418c7cb04a,CPICOREYOY-23MAY-T4.7,50,2023-06-01T02:24:49.40119Z,88,12,no
495,ce33d30e-1b88-443a-9ceb-ef1fd11fe920,CPICOREYOY-23MAY-T4.8,4,2023-06-01T22:07:37.742262Z,93,7,no
496,5128279d-fe4b-45b8-8839-52699366e7e7,CPICOREYOY-23MAY-T4.8,10,2023-06-01T22:07:37.742262Z,95,5,no
497,611f2621-8379-4e81-935d-f51bea52dea4,CPICOREYOY-23MAY-T4.8,40,2023-06-01T14:42:38.525276Z,97,3,yes
498,2bac749d-308a-4be9-9ff5-36803337ef56,CPICOREYOY-23MAY-T4.8,60,2023-06-01T14:42:38.525276Z,97,3,yes
499,d5ba16a9-6d24-4697-9c9c-61d4f56bb017,CPICOREYOY-23MAY-T4.8,10,2023-05-25T17:48:18.375878Z,97,3,yes
500,c12f47d4-4080-49ed-88ac-65992f052db3,CPICOREYOY-23MAY-T4.8,1,2023-05-22T20:10:05.319815Z,99,1,yes
501,d29641ea-e980-4ce2-ae0a-940689c2f3bf,CPICOREYOY-23MAY-T4.8,50,2023-05-21T18:25:53.700246Z,95,5,no
502,09a46d91-3eee-4a06-b304-186baa417df7,CPICOREYOY-23MAY-T4.8,50,2023-05-20T22:06:57.569187Z,95,5,no
503,0cc9cd4d-6601-4ed4-9a3c-d424f680b66b,CPICOREYOY-23MAY-T4.8,100,2023-05-16T19:26:28.115037Z,94,6,no
504,ffd63a7a-3d60-4336-978f-b8105e0e0056,CPICOREYOY-23MAY-T4.9,9,2023-06-01T19:09:47.194009Z,97,3,yes
505,c1acbde8-8874-4c91-bc43-1b3a0f758c16,CPICOREYOY-23MAY-T4.9,2,2023-06-01T19:09:47.194009Z,97,3,yes
506,ad2e7454-46b3-4f00-8c12-e6fa0b48006c,CPICOREYOY-23MAY-T4.9,100,2023-06-01T19:09:47.194009Z,97,3,yes
507,8bfb5049-efbc-443d-9ad7-269a43fc01c1,CPICOREYOY-23MAY-T4.9,1,2023-06-01T19:09:47.194009Z,97,3,yes
508,5e319b1c-5087-4e30-b85a-d38cf1d8e4fb,CPICOREYOY-23MAY-T4.9,2,2023-06-01T19:09:47.194009Z,97,3,yes
509,2fb3fb55-988c-4c94-9828-abae59a2948d,CPICOREYOY-23MAY-T4.9,2,2023-06-01T19:09:47.194009Z,97,3,yes
510,27e00db6-208c-493c-a640-94cc4fb26077,CPICOREYOY-23MAY-T4.9,3,2023-06-01T19:09:47.194009Z,97,3,yes
511,fe352a9d-c606-441e-be0d-bd9a743ff1c5,CPICOREYOY-23MAY-T4.9,100,2023-06-01T19:06:04.670028Z,96,4,yes
512,edcdf7df-fe05-4f75-b923-92bfe7f531ca,CPICOREYOY-23MAY-T4.9,15,2023-06-01T19:06:04.670028Z,96,4,yes
513,e42aa0b6-719f-46bc-a9b9-eba03245b1d6,CPICOREYOY-23MAY-T4.9,6,2023-06-01T19:06:04.670028Z,94,6,yes
514,db4505a5-3567-42a4-b66e-2a148a439d49,CPICOREYOY-23MAY-T4.9,6,2023-06-01T19:06:04.670028Z,95,5,yes
515,c67ad027-4d54-4e90-a300-d2c409522d54,CPICOREYOY-23MAY-T4.9,8,2023-06-01T19:06:04.670028Z,95,5,yes
516,9ef034dd-810b-4acf-88f9-ad8a297c7e87,CPICOREYOY-23MAY-T4.9,2,2023-06-01T19:06:04.670028Z,94,6,yes
517,9e886b9d-7e11-448b-9361-37811633b14f,CPICOREYOY-23MAY-T4.9,50,2023-06-01T19:06:04.670028Z,94,6,yes
518,5ed9d200-2b3c-4955-8f8e-9eb09e4ac2eb,CPICOREYOY-23MAY-T4.9,2,2023-06-01T19:06:04.670028Z,96,4,yes
519,421bb1e5-4b62-4c3f-84be-3c4821f2685f,CPICOREYOY-23MAY-T4.9,1,2023-06-01T19:06:04.670028Z,96,4,yes
520,11fee9aa-ed4e-471c-932e-45def264d23f,CPICOREYOY-23MAY-T4.9,1,2023-06-01T19:06:04.670028Z,95,5,yes
521,0ea7dcea-056f-4fde-8b1c-b7ec1b2c4626,CPICOREYOY-23MAY-T4.9,100,2023-06-01T19:06:04.670028Z,95,5,yes
522,d4b6fde9-3e5f-4ae9-98a6-6e93067458a3,CPICOREYOY-23MAY-T4.9,4,2023-06-01T14:42:21.82084Z,93,7,yes
523,b7efe76c-95d7-49bb-b089-7b6adf4d9a74,CPICOREYOY-23MAY-T4.9,100,2023-06-01T14:42:21.82084Z,93,7,yes
524,6493cc17-b276-4495-bfca-ea6ed3c9011f,CPICOREYOY-23MAY-T4.9,1,2023-06-01T14:42:21.82084Z,93,7,yes
525,5c564026-eaf1-49f2-ab12-7aaf82e04ca1,CPICOREYOY-23MAY-T4.9,1,2023-06-01T14:42:21.82084Z,93,7,yes
526,49ce222a-61cd-4f10-b790-3a68fcc1c355,CPICOREYOY-23MAY-T4.9,100,2023-06-01T14:42:21.82084Z,92,8,yes
527,47bd4a3d-7676-4ba0-8dcd-36a31462cf9c,CPICOREYOY-23MAY-T4.9,1,2023-06-01T14:42:21.82084Z,93,7,yes
528,366618ac-b660-44f3-82ac-ab75ab2e26c2,CPICOREYOY-23MAY-T4.9,5,2023-06-01T14:42:21.82084Z,92,8,yes
529,2ecbc879-d175-4002-9e26-9725cc9ca39b,CPICOREYOY-23MAY-T4.9,7,2023-06-01T14:42:21.82084Z,93,7,yes
530,2c229757-d6aa-4133-89f3-d8f87d03fd8c,CPICOREYOY-23MAY-T4.9,8,2023-06-01T14:42:21.82084Z,92,8,yes
531,818bd094-fced-4d3a-ab00-3080db3988f4,CPICOREYOY-23MAY-T4.9,30,2023-05-18T18:41:31.469169Z,88,12,no
532,77be4481-1e7e-43af-9e99-de66b633c14e,CPICOREYOY-23MAY-T4.9,80,2023-05-17T13:03:16.842125Z,93,7,yes
533,55ef91fb-4802-40d9-9c56-d0d23aadeab9,CPICOREYOY-23MAY-T4.9,70,2023-05-16T12:34:09.475731Z,86,14,no
534,fd58ddce-c781-4ebb-a835-4526e4db8dea,CPICOREYOY-23MAY-T4.9,100,2023-05-10T16:02:00.460531Z,88,12,yes
535,6c87bcba-45d9-4bc6-b9f2-ef7e85524fc3,CPICOREYOY-23MAY-T4.9,100,2023-05-10T16:02:00.460531Z,87,13,yes
536,0fcfae69-43cb-4144-9e9d-ab60333ce4b8,CPICOREYOY-23MAY-T4.9,30,2023-05-10T16:02:00.460531Z,85,15,yes
537,61a5524b-826a-47a6-ba78-d3646029dbbe,CPICOREYOY-23MAY-T5.0,200,2023-06-13T12:14:37.639003Z,97,3,yes
538,af50224a-0faf-48de-a26e-6d99204be652,CPICOREYOY-23MAY-T5.0,113,2023-06-13T03:35:51.356754Z,95,5,no
539,5dcbb785-d889-4f39-8b66-17e20ed9c452,CPICOREYOY-23MAY-T5.0,100,2023-06-12T22:09:56.6631Z,95,5,no
540,31d30df0-fe6d-4d90-8e82-dfedcc834472,CPICOREYOY-23MAY-T5.0,60,2023-06-12T17:41:20.286655Z,96,4,yes
541,6341e174-faab-40c4-9ab1-f5199bb8576d,CPICOREYOY-23MAY-T5.0,200,2023-06-12T15:03:14.783404Z,96,4,yes
542,98fc3cad-c08e-4e02-85cb-9b28ef19a4eb,CPICOREYOY-23MAY-T5.0,30,2023-06-08T13:00:25.903708Z,90,10,no
543,7e2a83c2-3084-4407-ba98-b0e659760829,CPICOREYOY-23MAY-T5.0,5,2023-06-06T17:36:20.199944Z,90,10,no
544,fdf9a7dd-ca35-4d38-a8aa-a2faaf1b53b7,CPICOREYOY-23MAY-T5.0,100,2023-06-06T14:37:21.983259Z,96,4,yes
545,ddb7da0f-20b2-491b-a8fd-aff716eea0d3,CPICOREYOY-23MAY-T5.0,60,2023-06-06T14:37:21.983259Z,95,5,yes
546,a11e50da-4a50-4252-a65b-281f809e156a,CPICOREYOY-23MAY-T5.0,7,2023-06-05T21:35:23.829606Z,90,10,no
547,d7fd8075-7285-4265-93ff-317cdaf2f6cc,CPICOREYOY-23MAY-T5.0,50,2023-06-05T16:56:31.147195Z,94,6,yes
548,d31fd645-259b-4399-8d07-a9b58127998e,CPICOREYOY-23MAY-T5.0,100,2023-06-05T16:56:31.147195Z,95,5,yes
549,d6f4106a-21f0-454a-b1dc-812a6888e5f9,CPICOREYOY-23MAY-T5.0,50,2023-06-05T12:28:29.597087Z,90,10,no
550,f794c13d-324a-4d5b-a1c0-7cd2ea3ac1b6,CPICOREYOY-23MAY-T5.0,100,2023-06-02T20:47:56.709492Z,94,6,yes
551,b96ecba7-37d1-4d66-b57a-e992f912344f,CPICOREYOY-23MAY-T5.0,100,2023-06-02T17:50:36.886789Z,93,7,yes
552,6b33e0d3-6dd0-48d7-99cc-c4e5b8e60e00,CPICOREYOY-23MAY-T5.0,70,2023-06-02T17:50:36.886789Z,92,8,yes
553,dc38328f-715c-432a-b173-d02e4d141a90,CPICOREYOY-23MAY-T5.0,90,2023-06-01T19:09:56.436841Z,89,11,yes
554,d6847422-9711-4002-9b19-5dc96b38b55b,CPICOREYOY-23MAY-T5.0,100,2023-06-01T19:09:56.436841Z,90,10,yes
555,8b57be18-a0c7-44dc-8ef2-52a9c687ab80,CPICOREYOY-23MAY-T5.0,11,2023-06-01T19:09:56.436841Z,89,11,yes
556,83225d21-fe6e-497c-91e4-81ee4ca92c6e,CPICOREYOY-23MAY-T5.0,11,2023-06-01T19:09:56.436841Z,90,10,yes
557,606ea09d-9760-4ddd-9fe1-eee7b03ce2bb,CPICOREYOY-23MAY-T5.0,9,2023-06-01T19:09:56.436841Z,90,10,yes
558,5ba80e7e-ccfd-4abf-9219-bbf7ca9f7771,CPICOREYOY-23MAY-T5.0,2,2023-06-01T19:09:56.436841Z,90,10,yes
559,299e99bd-0212-4996-8cfe-657331fcb536,CPICOREYOY-23MAY-T5.0,2,2023-06-01T19:09:56.436841Z,90,10,yes
560,24533b9b-a1ac-46bf-9c94-53781078d8ed,CPICOREYOY-23MAY-T5.0,2,2023-06-01T19:09:56.436841Z,90,10,yes
561,05458c3a-b11b-4cc8-b2fc-ee83d7647c50,CPICOREYOY-23MAY-T5.0,100,2023-06-01T19:09:56.436841Z,90,10,yes
562,0312f96a-c46c-4303-9e48-fc6b03965fb8,CPICOREYOY-23MAY-T5.0,2,2023-06-01T19:09:56.436841Z,89,11,yes
563,cf0283be-51ec-495f-8309-2ed73a0bf55d,CPICOREYOY-23MAY-T5.0,1,2023-06-01T19:06:17.019026Z,87,13,yes
564,ad0b6b5c-6d97-4fb4-b3fe-3da126aaae4d,CPICOREYOY-23MAY-T5.0,80,2023-06-01T19:06:17.019026Z,88,12,yes
565,88e3d21c-ec46-48a9-a87a-d9e2a106f80a,CPICOREYOY-23MAY-T5.0,2,2023-06-01T19:06:17.019026Z,88,12,yes
566,3b58d9b8-41bc-4d04-b2f0-f28615a455e4,CPICOREYOY-23MAY-T5.0,12,2023-06-01T19:06:17.019026Z,87,13,yes
567,390bd3d2-efe9-4f3f-9ae4-a9c1f5aff9a5,CPICOREYOY-23MAY-T5.0,600,2023-06-01T17:09:59.795931Z,86,14,yes
568,f93fe227-d7c5-4c32-9181-df39b45e90bc,CPICOREYOY-23MAY-T5.0,500,2023-06-01T17:00:03.096154Z,85,15,yes
569,81bc249e-734c-49a7-b8af-9c4db1323450,CPICOREYOY-23MAY-T5.0,400,2023-06-01T15:18:36.908988Z,84,16,yes
570,f498786c-4f25-4a96-8471-697553298b8e,CPICOREYOY-23MAY-T5.0,1,2023-06-01T14:42:08.445209Z,81,19,yes
571,b8cd51b7-d135-43e6-94b7-319062078295,CPICOREYOY-23MAY-T5.0,1,2023-06-01T14:42:08.445209Z,80,20,yes
572,9d4ef302-cfb9-4590-916a-614b0a81fdfd,CPICOREYOY-23MAY-T5.0,40,2023-06-01T14:42:08.445209Z,79,21,yes
573,9b4356a0-726e-47d9-b080-71f513c2cd66,CPICOREYOY-23MAY-T5.0,100,2023-06-01T14:42:08.445209Z,81,19,yes
574,4719b14c-086a-46f2-bd19-ae57633a3e17,CPICOREYOY-23MAY-T5.0,1,2023-06-01T14:42:08.445209Z,80,20,yes
575,3e8bfd9f-b97d-4c89-bbfa-ed2d74a9b341,CPICOREYOY-23MAY-T5.0,1,2023-06-01T14:42:08.445209Z,81,19,yes
576,325a7803-b2b6-4321-b34b-b27cc2836499,CPICOREYOY-23MAY-T5.0,5,2023-06-01T14:42:08.445209Z,80,20,yes
577,ecaaaf53-fb82-486c-83e8-c2c374bd7c3b,CPICOREYOY-23MAY-T5.0,6,2023-05-30T19:00:14.132627Z,80,20,yes
578,c10b82d4-dd2a-43a4-9db9-842a8bef5c3a,CPICOREYOY-23MAY-T5.0,50,2023-05-30T12:02:30.550562Z,75,25,no
579,f106b4d4-ac9f-4292-8d87-afc71d76b418,CPICOREYOY-23MAY-T5.0,7,2023-05-27T03:49:48.824376Z,83,17,yes
580,801dd8a6-2625-40c2-9d72-27fff59d6698,CPICOREYOY-23MAY-T5.0,25,2023-05-25T19:13:57.625153Z,83,17,yes
581,49237f93-2b6a-480b-954d-7618b0e45fb8,CPICOREYOY-23MAY-T5.0,20,2023-05-24T23:17:19.422187Z,75,25,no
582,9c9a91fc-ff7d-4e7b-a4ff-6f81421f2e9b,CPICOREYOY-23MAY-T5.0,5,2023-05-20T14:09:12.581834Z,76,24,yes
583,e1ca0a7e-96a7-4b99-a3db-6bfd88d1aa32,CPICOREYOY-23MAY-T5.0,25,2023-05-18T12:27:27.870313Z,75,25,no
584,7ffde448-a5a1-42d3-87a5-c07737618974,CPICOREYOY-23MAY-T5.0,20,2023-05-17T18:14:42.300521Z,76,24,no
585,26b38041-652a-4726-b4ac-2b85bc159fe7,CPICOREYOY-23MAY-T5.0,120,2023-05-17T13:06:51.46434Z,82,18,yes
586,f7e2f8a0-b02b-40a1-8fdc-6a5389afb622,CPICOREYOY-23MAY-T5.0,1,2023-05-16T19:21:12.14364Z,94,6,yes
587,f4464a2c-72f8-4a10-97be-5be71e81a546,CPICOREYOY-23MAY-T5.0,4,2023-05-16T19:21:12.14364Z,95,5,yes
588,d9298f63-f9a5-42d9-995b-0c5b2cfcfb2d,CPICOREYOY-23MAY-T5.0,2,2023-05-16T19:21:12.14364Z,95,5,yes
589,d0835f4e-04ab-4c45-a575-1f0fd1b328ef,CPICOREYOY-23MAY-T5.0,1,2023-05-16T19:21:12.14364Z,96,4,yes
590,b85e4037-5106-4c5c-8921-2dbb8b69f6d3,CPICOREYOY-23MAY-T5.0,3,2023-05-16T19:21:12.14364Z,94,6,yes
591,8d7f5c62-c4f7-454b-b8e8-9cb218d6c132,CPICOREYOY-23MAY-T5.0,200,2023-05-16T19:21:12.14364Z,80,20,yes
592,81530ae2-141b-429e-9411-0e3573d9c0cc,CPICOREYOY-23MAY-T5.0,3,2023-05-16T19:21:12.14364Z,93,7,yes
593,65dbe0ea-a373-45ec-ba34-388f9e7ca2b3,CPICOREYOY-23MAY-T5.0,2,2023-05-16T19:21:12.14364Z,97,3,yes
594,65555935-718c-4324-b786-530634e726d5,CPICOREYOY-23MAY-T5.0,1,2023-05-16T19:21:12.14364Z,96,4,yes
595,654b928a-9dcd-4bca-b421-388ede742c90,CPICOREYOY-23MAY-T5.0,2,2023-05-16T19:21:12.14364Z,96,4,yes
596,5239169e-d5d3-4e78-8787-03c2ee24d857,CPICOREYOY-23MAY-T5.0,200,2023-05-16T19:21:12.14364Z,78,22,yes
597,2f5e67e1-5747-4b92-b81d-4ef2e11229a4,CPICOREYOY-23MAY-T5.0,1,2023-05-16T19:21:12.14364Z,92,8,yes
598,29d9bef1-83a6-444f-be33-6698e7969761,CPICOREYOY-23MAY-T5.0,60,2023-05-16T19:21:12.14364Z,76,24,yes
599,22ceb419-5ad1-4cd1-8f7a-12b66fe19ab3,CPICOREYOY-23MAY-T5.0,1,2023-05-16T19:21:12.14364Z,96,4,yes
600,064abb4e-6b3c-49d2-ab7a-d15b676e892d,CPICOREYOY-23MAY-T5.0,3,2023-05-16T19:21:12.14364Z,96,4,yes
601,036684a4-d6e4-4d09-9287-9593fb46b58a,CPICOREYOY-23MAY-T5.0,10,2023-05-16T19:21:12.14364Z,97,3,yes
602,b4fff35a-2374-45fa-9e6e-ee67bd105ed5,CPICOREYOY-23MAY-T5.0,60,2023-05-16T12:33:22.671184Z,71,29,no
603,1728d8c3-320b-40c1-a385-2e2df71be808,CPICOREYOY-23MAY-T5.0,30,2023-05-11T01:06:53.634052Z,72,28,yes
604,83896cc4-5d28-4a5e-b777-5faf24eb21fe,CPICOREYOY-23MAY-T5.0,50,2023-05-10T19:58:27.888505Z,68,32,yes
605,553261cc-61d4-4670-a3a7-ecef7f83f5df,CPICOREYOY-23MAY-T5.0,21,2023-05-10T19:58:27.888505Z,70,30,yes
606,e5dc1b40-244e-4a09-9274-853507f18ac1,CPICOREYOY-23MAY-T5.0,100,2023-05-10T16:01:56.616372Z,67,33,yes
607,7df8154f-1b2a-49f7-b4c4-3b21b392504a,CPICOREYOY-23MAY-T5.0,10,2023-05-10T16:01:56.616372Z,63,37,yes
608,1702ef1f-cdac-4966-9768-7046f9ccb587,CPICOREYOY-23MAY-T5.0,100,2023-05-10T16:01:56.616372Z,65,35,yes
609,3bf76e19-8f6d-4173-9c97-125acec6373f,CPICOREYOY-23MAY-T5.0,160,2023-03-01T01:50:21.5098Z,2,98,no
610,1ba2d8e1-7411-4205-a7a8-08963793f30e,CPICOREYOY-23MAY-T5.0,200,2023-03-01T01:50:01.333849Z,3,97,no
611,028f3e57-938b-42ee-a166-a1853ec3f028,CPICOREYOY-23MAY-T5.0,200,2023-03-01T01:42:44.781835Z,3,97,no
612,d03e74b4-0772-4f10-93c3-1ece57630ead,CPICOREYOY-23MAY-T5.0,200,2023-03-01T01:42:05.030289Z,3,97,no
613,c61bc52b-5b3f-46c5-b716-d6f7c983c33b,CPICOREYOY-23MAY-T5.0,160,2023-03-01T00:11:12.910655Z,5,95,yes
614,8a0b5ff0-1544-4013-827e-7b405d351190,CPICOREYOY-23MAY-T5.0,200,2023-03-01T00:08:38.839545Z,5,95,yes
615,2e965da3-8101-4009-87f2-80d1595815fa,CPICOREYOY-23MAY-T5.0,200,2023-03-01T00:08:38.839545Z,6,94,yes
616,1cf2028c-ed49-47c9-b81c-9c379d21a8b6,CPICOREYOY-23MAY-T5.0,200,2023-03-01T00:08:38.839545Z,4,96,yes
617,62d64476-846f-4b63-8cbd-2d1d3e599667,CPICOREYOY-23MAY-T5.1,200,2023-06-13T03:35:31.940357Z,85,15,no
618,1a63bde1-1923-4e4a-b642-3aa8abf01bbe,CPICOREYOY-23MAY-T5.1,298,2023-06-13T03:28:26.901819Z,85,15,no
619,96f339db-696b-4fa2-85c5-c53a75fe4bca,CPICOREYOY-23MAY-T5.1,275,2023-06-13T02:03:17.902951Z,86,14,no
620,1428a9aa-1f98-4f29-8a98-a13f5a72c967,CPICOREYOY-23MAY-T5.1,30,2023-06-12T16:09:00.43729Z,84,16,no
621,248bd1d3-befe-4d41-8b33-9bcf9431bf25,CPICOREYOY-23MAY-T5.1,22,2023-06-12T15:26:46.736037Z,88,12,yes
622,d12d9796-20f1-4d85-b81a-36cc58696f08,CPICOREYOY-23MAY-T5.1,200,2023-06-12T14:56:03.065661Z,86,14,yes
623,55de0fbe-1858-41dd-8ec1-94f8c1b5385e,CPICOREYOY-23MAY-T5.1,160,2023-06-12T14:56:03.065661Z,84,16,yes
624,4b6c4925-f0b4-42b4-879a-9bd7d200abcd,CPICOREYOY-23MAY-T5.1,3,2023-06-11T15:30:36.86401Z,83,17,no
625,cf1a7ceb-2482-4d78-bd09-e2cc6cca3248,CPICOREYOY-23MAY-T5.1,10,2023-06-11T14:23:31.160583Z,83,17,yes
626,949ceb4a-59c9-4996-a931-c064c03ceae2,CPICOREYOY-23MAY-T5.1,130,2023-06-09T20:36:01.244037Z,79,21,yes
627,4a9fc01a-ee64-4846-b9dd-b2bd23a0c31f,CPICOREYOY-23MAY-T5.1,70,2023-06-09T19:53:58.582043Z,79,21,no
628,739b076e-b001-4748-bf24-676b604c90df,CPICOREYOY-23MAY-T5.1,5,2023-06-08T14:05:34.724129Z,77,23,yes
629,e1904aeb-9719-4f3f-9ccf-f31499a57398,CPICOREYOY-23MAY-T5.1,5,2023-06-08T12:59:16.585827Z,77,23,no
630,5213318a-2683-480b-b23a-705c199243cc,CPICOREYOY-23MAY-T5.1,10,2023-06-07T14:20:15.393911Z,84,16,yes
631,4f8c14e6-0447-479a-b2b2-b8a317228242,CPICOREYOY-23MAY-T5.1,10,2023-06-07T01:29:57.054948Z,78,22,no
632,9ada5ac4-c88d-463f-8b89-a71081408bc8,CPICOREYOY-23MAY-T5.1,100,2023-06-06T21:48:04.92471Z,84,16,yes
633,69f2c311-75d1-4714-a029-bb29b8e3bf27,CPICOREYOY-23MAY-T5.1,54,2023-06-06T21:48:04.92471Z,85,15,yes
634,561db89c-0c9d-4f10-912d-da3d0e6664d7,CPICOREYOY-23MAY-T5.1,2,2023-06-06T21:48:04.92471Z,84,16,yes
635,50237d49-e5a3-4394-9a19-27816b7db1df,CPICOREYOY-23MAY-T5.1,1,2023-06-06T21:48:04.92471Z,85,15,yes
636,252cc776-7ba5-4a9f-88be-b94c95880399,CPICOREYOY-23MAY-T5.1,9,2023-06-06T21:48:04.92471Z,83,17,yes
637,09d88d72-c308-4e14-96aa-394001fc5501,CPICOREYOY-23MAY-T5.1,70,2023-06-06T21:48:04.92471Z,82,18,yes
638,b01da4be-f8cf-449d-b8e1-97041c1e3a12,CPICOREYOY-23MAY-T5.1,20,2023-06-06T18:02:28.704503Z,81,19,yes
639,f60b9cb7-6c04-4605-bd89-5107713ebdc8,CPICOREYOY-23MAY-T5.1,40,2023-06-06T14:38:02.985853Z,80,20,yes
640,b0fd8130-99c0-4bee-9447-feb84b91fcb6,CPICOREYOY-23MAY-T5.1,100,2023-06-06T14:37:17.429517Z,79,21,yes
641,56831691-c688-4718-aa0e-efc1634df620,CPICOREYOY-23MAY-T5.1,60,2023-06-06T14:37:17.429517Z,77,23,yes
642,140eb6e9-4ea5-48a9-9ebc-4918431c4cf5,CPICOREYOY-23MAY-T5.1,50,2023-06-06T00:13:29.962976Z,71,29,no
643,856a9528-df17-45f8-a058-95c63d340b61,CPICOREYOY-23MAY-T5.1,50,2023-06-05T16:56:20.185849Z,76,24,yes
644,641e177d-b2e3-4dfe-b93a-541fa5bf21f3,CPICOREYOY-23MAY-T5.1,50,2023-06-05T16:56:20.185849Z,75,25,yes
645,5160f54b-df50-49bd-8bda-1affae2efea2,CPICOREYOY-23MAY-T5.1,25,2023-06-04T20:30:45.891233Z,71,29,no
646,967b5f30-da2b-42fa-acfa-75cdf6f9c0d2,CPICOREYOY-23MAY-T5.1,29,2023-06-04T20:28:03.188452Z,71,29,no
647,75835b46-d175-498b-9e89-12f79c7f9ec1,CPICOREYOY-23MAY-T5.1,50,2023-06-03T14:43:06.827502Z,71,29,no
648,e88e803d-cd41-47f3-ae74-e87539c85e26,CPICOREYOY-23MAY-T5.1,100,2023-06-02T20:47:53.026577Z,78,22,yes
649,98eb3e88-b49f-4fc1-82ef-215c5a03dc2d,CPICOREYOY-23MAY-T5.1,1,2023-06-02T20:47:53.026577Z,78,22,yes
650,636cd6b5-3a3d-48b7-a7c6-d9f0b3845ad3,CPICOREYOY-23MAY-T5.1,6,2023-06-02T20:47:53.026577Z,77,23,yes
651,6281c309-780d-4409-82e6-b2199007f096,CPICOREYOY-23MAY-T5.1,50,2023-06-02T20:47:53.026577Z,76,24,yes
652,9bd91b13-5a8c-4914-bb54-14e28bfd0f8a,CPICOREYOY-23MAY-T5.1,5,2023-06-01T17:09:50.016604Z,70,30,yes
653,5ef9aed5-037b-428b-a1b8-cf7501ffa809,CPICOREYOY-23MAY-T5.1,300,2023-06-01T17:09:50.016604Z,69,31,yes
654,4da73a2f-e0ad-45e4-8e78-8906c749c48d,CPICOREYOY-23MAY-T5.1,31,2023-06-01T17:09:50.016604Z,70,30,yes
655,9eb67bdc-de66-4b5f-8802-7da26ca32109,CPICOREYOY-23MAY-T5.1,288,2023-06-01T16:59:41.766952Z,68,32,yes
656,f51aa8c0-d6b0-41ea-a3fd-e9a9bbb182c5,CPICOREYOY-23MAY-T5.1,12,2023-06-01T16:43:32.125606Z,68,32,yes
657,9d47fe4f-b09b-410f-8671-67220cfc6e27,CPICOREYOY-23MAY-T5.1,200,2023-06-01T14:48:07.488822Z,67,33,yes
658,d1618268-259c-480f-b5e3-c96d0732baf5,CPICOREYOY-23MAY-T5.1,1,2023-06-01T14:42:16.942176Z,64,36,yes
659,cf5feaca-cf18-4d73-9f7f-a5007409dedc,CPICOREYOY-23MAY-T5.1,2,2023-06-01T14:42:16.942176Z,65,35,yes
660,bb89ba60-c0c7-4359-9ab0-517a369e99e6,CPICOREYOY-23MAY-T5.1,11,2023-06-01T14:42:16.942176Z,64,36,yes
661,95d4ffa9-7fac-43a8-b91c-b37791a13b84,CPICOREYOY-23MAY-T5.1,100,2023-06-01T14:42:16.942176Z,65,35,yes
662,7e327def-ccba-44b3-809a-2c9fd287fb3e,CPICOREYOY-23MAY-T5.1,1,2023-06-01T14:42:16.942176Z,65,35,yes
663,477a1975-6cf9-48cf-bdbb-13af9814b9eb,CPICOREYOY-23MAY-T5.1,1,2023-06-01T14:42:16.942176Z,64,36,yes
664,205d0944-c8f1-444b-a033-9dcc5cd81fbb,CPICOREYOY-23MAY-T5.1,100,2023-06-01T14:42:16.942176Z,63,37,yes
665,1512a510-357d-4814-9fdd-2f9786a57952,CPICOREYOY-23MAY-T5.1,40,2023-06-01T14:42:16.942176Z,61,39,yes
666,110b5b87-3d21-4a8f-ae3b-ac9fdbb9bb0e,CPICOREYOY-23MAY-T5.1,1,2023-06-01T14:42:16.942176Z,63,37,yes
667,015c6ccc-d6c0-4cbf-a573-eb69851fe9e8,CPICOREYOY-23MAY-T5.1,1,2023-06-01T14:42:16.942176Z,64,36,yes
668,cc11c1ac-ab19-40eb-b6ad-bba8d9663d48,CPICOREYOY-23MAY-T5.1,50,2023-06-01T13:00:46.224109Z,60,40,no
669,fa2e4255-ad23-4f0d-b56d-cf41179abdd7,CPICOREYOY-23MAY-T5.1,10,2023-06-01T13:00:36.289463Z,60,40,no
670,ee19b130-88f5-4b9d-91d6-b678620d0683,CPICOREYOY-23MAY-T5.1,109,2023-05-31T20:58:24.903935Z,60,40,no
671,c7713c03-5080-474a-8928-0496175eb864,CPICOREYOY-23MAY-T5.1,22,2023-05-31T20:36:07.493049Z,60,40,yes
672,bc9d5335-a323-4965-9daa-0abb90678e0c,CPICOREYOY-23MAY-T5.1,12,2023-05-30T00:27:26.101643Z,56,44,no
673,7d004f99-1d15-4558-8876-fcf216715bea,CPICOREYOY-23MAY-T5.1,11,2023-05-28T18:13:12.330641Z,59,41,no
674,8833950e-e4d6-4092-a2eb-86e4c5418e94,CPICOREYOY-23MAY-T5.1,5,2023-05-27T13:32:23.259005Z,60,40,yes
675,756e9b50-6448-40e2-a083-6fe38f52ee47,CPICOREYOY-23MAY-T5.1,7,2023-05-25T19:15:04.55148Z,60,40,yes
676,9ab57d81-0c67-46be-82f1-c17562c0b05c,CPICOREYOY-23MAY-T5.1,24,2023-05-24T23:13:28.610765Z,55,45,no
677,b07fc997-759c-49bb-9419-757f9a5bcf5e,CPICOREYOY-23MAY-T5.1,6,2023-05-23T02:42:56.003073Z,60,40,yes
678,d45b4063-333c-440d-9f71-b6be15d82cd7,CPICOREYOY-23MAY-T5.1,20,2023-05-22T22:20:31.590056Z,55,45,no
679,20620a2a-9848-40ed-a09c-ebba922a56d9,CPICOREYOY-23MAY-T5.1,10,2023-05-21T23:51:24.589545Z,55,45,no
680,3ccfb0ec-aca9-4a69-9728-8d14557492bd,CPICOREYOY-23MAY-T5.1,40,2023-05-20T22:20:06.367628Z,56,44,no
681,78f4146a-f673-4b1b-a203-423765e24bc8,CPICOREYOY-23MAY-T5.1,10,2023-05-18T18:10:18.490588Z,62,38,yes
682,b69df903-796c-4886-a63d-ff9637747c3b,CPICOREYOY-23MAY-T5.1,20,2023-05-17T18:04:02.181665Z,56,44,yes
683,fbea332a-90c5-406e-9933-8de48dfe6c71,CPICOREYOY-23MAY-T5.1,80,2023-05-17T18:03:56.412644Z,56,44,no
684,9a475b3e-a55e-4d54-8bd5-4f793d2f8400,CPICOREYOY-23MAY-T5.1,59,2023-05-16T19:28:44.802894Z,63,37,yes
685,98b82935-2a31-46a7-ba32-cba00fa9c71b,CPICOREYOY-23MAY-T5.1,200,2023-05-16T19:28:44.802894Z,61,39,yes
686,30b7fe80-a5fc-4f9e-a369-dbef0034fba1,CPICOREYOY-23MAY-T5.1,60,2023-05-16T19:28:44.802894Z,59,41,yes
687,4b329be1-94de-4478-96b5-cb08234c5710,CPICOREYOY-23MAY-T5.1,10,2023-05-15T13:10:47.943294Z,51,49,yes
688,27728718-3ef4-4a67-a5d6-59d23769b726,CPICOREYOY-23MAY-T5.1,15,2023-05-15T13:10:47.943294Z,51,49,yes
689,6330aff7-812f-45d1-bbb5-eb11add5b202,CPICOREYOY-23MAY-T5.1,25,2023-05-11T01:00:18.016587Z,48,52,yes
690,dccf66c1-426f-491e-8a68-1deae889cc36,CPICOREYOY-23MAY-T5.1,25,2023-05-11T01:00:08.113002Z,48,52,yes
691,59ffbf08-ccc2-494d-8fac-4ba9ebf63c33,CPICOREYOY-23MAY-T5.1,10,2023-05-11T01:00:00.24778Z,47,53,yes
692,ac66bacc-99ee-4c32-bea9-d756aa584d90,CPICOREYOY-23MAY-T5.1,33,2023-05-11T00:15:16.003116Z,47,53,yes
693,7a7dc9c9-55bd-4933-9930-67e99ee4e79f,CPICOREYOY-23MAY-T5.1,20,2023-04-11T18:19:19.682271Z,2,98,yes
694,68eada14-81bb-493d-8a1c-8fdb25b15382,CPICOREYOY-23MAY-T5.1,400,2023-04-11T00:51:46.949634Z,2,98,yes
695,01ec612e-88b4-405b-8fd8-93e5c78a01e7,CPICOREYOY-23MAY-T5.1,100,2023-04-11T00:46:09.056709Z,2,98,yes
696,1aa7d35b-5f1a-4f09-aebc-293b7e2c892e,CPICOREYOY-23MAY-T5.1,80,2023-03-01T01:42:27.439113Z,2,98,no
697,effe5f26-9d17-44f2-b2c5-b771984ec7ce,CPICOREYOY-23MAY-T5.1,200,2023-03-01T01:42:10.05242Z,2,98,no
698,6cb6b498-328a-4a06-8d4e-6519dbe425ff,CPICOREYOY-23MAY-T5.1,200,2023-03-01T00:11:10.323561Z,4,96,yes
699,9c735c58-0b44-497a-9f56-41e1ac0320db,CPICOREYOY-23MAY-T5.1,200,2023-03-01T00:08:42.312939Z,5,95,yes
700,80132569-526e-438e-bb3d-1404298d2aa2,CPICOREYOY-23MAY-T5.1,200,2023-03-01T00:08:42.312939Z,3,97,yes
701,6e68fca9-7383-4ff6-9a5d-31f0c2631eba,CPICOREYOY-23MAY-T5.1,200,2023-03-01T00:08:42.312939Z,4,96,yes
702,16fbecb3-0d7d-42ec-8bf4-5e6e4b72b048,CPICOREYOY-23MAY-T5.2,250,2023-06-13T03:27:48.392494Z,61,39,no
703,32391e27-49d2-49d5-8f0f-d66584179b95,CPICOREYOY-23MAY-T5.2,200,2023-06-13T03:23:22.949295Z,62,38,no
704,bd259059-212d-4e62-9f07-42869293f9bb,CPICOREYOY-23MAY-T5.2,66,2023-06-13T00:33:16.719286Z,62,38,no
705,75ea83a3-0941-4fb7-a738-ab793ed5b279,CPICOREYOY-23MAY-T5.2,100,2023-06-13T00:10:23.973316Z,63,37,no
706,3dbffdd1-be61-4a2c-993b-1740686285e9,CPICOREYOY-23MAY-T5.2,35,2023-06-12T22:34:29.878054Z,65,35,yes
707,42e36d75-edbd-43e1-ac22-5cf5161ae3b7,CPICOREYOY-23MAY-T5.2,25,2023-06-12T20:29:04.350562Z,63,37,no
708,e78d072e-fdd9-462d-bf51-3931a7f3cabd,CPICOREYOY-23MAY-T5.2,25,2023-06-12T19:17:19.468358Z,64,36,no
709,c33ad5d8-0c97-4115-b5b1-c860bdfe152f,CPICOREYOY-23MAY-T5.2,15,2023-06-12T18:42:33.283357Z,65,35,yes
710,cd7fbce3-d551-4752-9d66-4d4763d5798a,CPICOREYOY-23MAY-T5.2,200,2023-06-12T17:41:03.793594Z,64,36,yes
711,523e7a1c-a4f8-45c8-beb3-6c9f70f1ec1b,CPICOREYOY-23MAY-T5.2,40,2023-06-12T17:41:03.793594Z,62,38,yes
712,ca773f32-2b0a-4081-bdb7-1c3afc1754a8,CPICOREYOY-23MAY-T5.2,50,2023-06-12T17:24:16.65605Z,62,38,yes
713,5d6c1c15-9220-402f-8a38-988a243031dc,CPICOREYOY-23MAY-T5.2,80,2023-06-12T16:47:02.622036Z,61,39,yes
714,e4a4df83-bdf0-42f2-b0a9-713e907fe3f6,CPICOREYOY-23MAY-T5.2,100,2023-06-12T16:41:34.320331Z,60,40,yes
715,6882783c-a75b-48a0-9a5f-b1528df98077,CPICOREYOY-23MAY-T5.2,80,2023-06-12T16:41:34.320331Z,58,42,yes
716,0bdfebd4-61ea-4f87-ac2d-3880bbdb1b09,CPICOREYOY-23MAY-T5.2,200,2023-06-12T16:41:34.320331Z,60,40,yes
717,939ec103-2df1-4db9-a623-3e7ba22e21f7,CPICOREYOY-23MAY-T5.2,10,2023-06-12T16:08:23.126233Z,55,45,no
718,6290c38a-6103-4fbf-ad62-6066e1c177e3,CPICOREYOY-23MAY-T5.2,5,2023-06-11T22:12:25.720909Z,58,42,yes
719,bc106d0c-a039-4ad0-97d3-b53d5859d542,CPICOREYOY-23MAY-T5.2,5,2023-06-11T14:22:38.113358Z,58,42,yes
720,f8df79e7-164e-44a9-9e85-81108d55b7ce,CPICOREYOY-23MAY-T5.2,25,2023-06-10T19:31:55.11411Z,58,42,yes
721,f487527e-750d-42fd-8327-c01ed0395a44,CPICOREYOY-23MAY-T5.2,9,2023-06-10T16:45:33.179517Z,52,48,no
722,cf1ad77a-bd39-4f4e-b36d-025d79154bff,CPICOREYOY-23MAY-T5.2,1,2023-06-10T16:45:18.683644Z,53,47,no
723,9a9fed1f-affb-43d9-83da-d4de11c07613,CPICOREYOY-23MAY-T5.2,5,2023-06-10T16:45:18.683644Z,53,47,no
724,31817802-9561-4eec-ac12-f69f38664956,CPICOREYOY-23MAY-T5.2,40,2023-06-10T16:45:18.683644Z,53,47,no
725,e4979db5-3103-47be-9715-08ffac7f3a48,CPICOREYOY-23MAY-T5.2,40,2023-06-09T21:09:01.053398Z,54,46,no
726,afc298e1-4ce2-4553-8327-fd6194345442,CPICOREYOY-23MAY-T5.2,2,2023-06-09T21:09:01.053398Z,52,48,no
727,9189deb8-1a82-440a-9ce9-8249c0afad21,CPICOREYOY-23MAY-T5.2,6,2023-06-09T21:09:01.053398Z,51,49,no
728,2b56456b-2a8b-463a-96a8-4580b44bbe79,CPICOREYOY-23MAY-T5.2,3,2023-06-09T21:09:01.053398Z,52,48,no
729,0f9a12b7-01f0-46bf-9197-b5762956a448,CPICOREYOY-23MAY-T5.2,4,2023-06-09T12:37:16.680661Z,60,40,yes
730,f695002b-dd9e-4721-b3d8-ec542153cce2,CPICOREYOY-23MAY-T5.2,1,2023-06-08T22:19:33.638702Z,53,47,yes
731,f0ef0d47-4639-432f-b607-fa905d036ee6,CPICOREYOY-23MAY-T5.2,1,2023-06-08T22:19:33.638702Z,72,28,yes
732,ec366eaa-ae4e-48b0-9426-29ff10fb5c24,CPICOREYOY-23MAY-T5.2,2,2023-06-08T22:19:33.638702Z,52,48,yes
733,e2a10d19-f82c-4ef2-9f7d-552d7b3c2090,CPICOREYOY-23MAY-T5.2,1,2023-06-08T22:19:33.638702Z,60,40,yes
734,d3db9c3b-7aaa-4fe4-bbbf-87ffb07258b4,CPICOREYOY-23MAY-T5.2,1,2023-06-08T22:19:33.638702Z,54,46,yes
735,c724ef1d-8826-46c0-a652-3c841e58b0d9,CPICOREYOY-23MAY-T5.2,1,2023-06-08T22:19:33.638702Z,73,27,yes
736,b1d10b30-17f3-4984-9b94-e470e8870a8a,CPICOREYOY-23MAY-T5.2,1,2023-06-08T22:19:33.638702Z,59,41,yes
737,ad2db250-cb0b-49e3-b7da-dd1c46b04ca4,CPICOREYOY-23MAY-T5.2,1,2023-06-08T22:19:33.638702Z,57,43,yes
738,9564723d-d10e-4ea2-8c7c-1139399243a8,CPICOREYOY-23MAY-T5.2,1,2023-06-08T22:19:33.638702Z,52,48,yes
739,90896858-f2b0-4872-9144-81bfbac3e054,CPICOREYOY-23MAY-T5.2,1,2023-06-08T22:19:33.638702Z,59,41,yes
740,8cf5d507-3a6a-4313-8f14-2130a4ffe5b4,CPICOREYOY-23MAY-T5.2,1,2023-06-08T22:19:33.638702Z,71,29,yes
741,75223530-4cc2-4858-bc64-a1fe6baf0dfb,CPICOREYOY-23MAY-T5.2,1,2023-06-08T22:19:33.638702Z,73,27,yes
742,5aa4ef43-4f6c-492b-9e67-f2384b8fd97c,CPICOREYOY-23MAY-T5.2,1,2023-06-08T22:19:33.638702Z,56,44,yes
743,58576833-c6f6-4313-9d63-99396b6bc55a,CPICOREYOY-23MAY-T5.2,1,2023-06-08T22:19:33.638702Z,60,40,yes
744,4909a8c1-6bb6-46a9-ba68-744fcb2fb5ab,CPICOREYOY-23MAY-T5.2,1,2023-06-08T22:19:33.638702Z,58,42,yes
745,3d65dbbd-0f26-463f-8d34-de251ede4408,CPICOREYOY-23MAY-T5.2,1,2023-06-08T22:19:33.638702Z,74,26,yes
746,315262b7-662a-4849-9e67-1649ccdb8be1,CPICOREYOY-23MAY-T5.2,16,2023-06-08T22:19:33.638702Z,55,45,yes
747,25e26ca0-9ec3-4a45-97cf-9cfbe1fbe982,CPICOREYOY-23MAY-T5.2,1,2023-06-08T22:19:33.638702Z,69,31,yes
748,20e908b9-3f69-4793-9b98-c5927d19250b,CPICOREYOY-23MAY-T5.2,1,2023-06-08T22:19:33.638702Z,70,30,yes
749,1d56eccc-7bdc-4f37-a296-5f80c6c3a7e2,CPICOREYOY-23MAY-T5.2,16,2023-06-08T22:19:33.638702Z,52,48,yes
750,0d0cd4eb-aa29-4a10-bc81-ce8b10f2e0d7,CPICOREYOY-23MAY-T5.2,1,2023-06-08T22:19:33.638702Z,58,42,yes
751,0b2eada2-fbfb-4b8f-8d34-fd460a9b6102,CPICOREYOY-23MAY-T5.2,1,2023-06-08T22:19:33.638702Z,55,45,yes
752,09f81bde-78c2-42cc-8fdc-3673904e407d,CPICOREYOY-23MAY-T5.2,1,2023-06-08T22:19:33.638702Z,55,45,yes
753,06355fb8-f6d0-4265-ae68-58fa6afb88d7,CPICOREYOY-23MAY-T5.2,1,2023-06-08T22:19:33.638702Z,74,26,yes
754,9ab7c912-c71c-4092-9f20-8c7484649560,CPICOREYOY-23MAY-T5.2,9,2023-06-08T15:04:38.999215Z,46,54,no
755,5eff00ff-db72-4c09-8b52-15962d71d21f,CPICOREYOY-23MAY-T5.2,6,2023-06-08T15:04:27.141568Z,48,52,no
756,7703a222-dfca-4bd3-b0f5-1e65f4a00a0d,CPICOREYOY-23MAY-T5.2,10,2023-06-07T21:10:57.5078Z,44,56,yes
757,3944898d-2e00-4bb4-a5a1-f4f81326d2a3,CPICOREYOY-23MAY-T5.2,5,2023-06-07T21:10:57.5078Z,43,57,yes
758,7ae8467a-40f6-44fb-bf7d-9c43d687e715,CPICOREYOY-23MAY-T5.3,80,2023-06-12T16:42:14.429301Z,18,82,yes
759,7a0738f4-0770-4605-a09f-8d469baa2baf,CPICOREYOY-23MAY-T5.3,20,2023-06-12T16:42:14.429301Z,20,80,yes
760,79710c62-75f8-4532-ae14-119e7a11da81,CPICOREYOY-23MAY-T5.3,40,2023-06-09T21:09:55.449633Z,19,81,yes
761,48cc8f54-60ee-484a-b6a6-0a9da73d09a5,CPICOREYOY-23MAY-T5.3,10,2023-06-09T21:09:55.449633Z,17,83,yes
762,d45904fd-df2e-4d9c-9d0a-e61760ceeb79,CPICOREYOY-23MAY-T5.3,100,2023-06-09T20:35:10.903928Z,14,86,no
763,452d8b0d-cee6-4051-832c-cc6756fec970,CPICOREYOY-23MAY-T5.4,100,2023-06-09T20:35:23.649934Z,2,98,no
764,b8410013-35c7-4dd5-94a7-28a8dc5b9d3f,CPICOREYOY-23JUN-T3.8,1,2023-05-05T17:10:31.880557Z,77,23,no
765,48d95114-81a5-43cc-a571-4995415b6559,CPICOREYOY-23JUN-T4.1,300,2023-07-06T22:15:47.031463Z,97,3,no
766,272b05f2-5498-4aff-af8c-02d13f2de2b4,CPICOREYOY-23JUN-T4.2,200,2023-03-01T01:26:02.902748Z,9,91,no
767,931c65e2-b790-47d3-826c-3760b1e5096e,CPICOREYOY-23JUN-T4.2,140,2023-03-01T01:24:08.206237Z,10,90,no
768,494496f7-3586-4c81-8540-d79a049fa187,CPICOREYOY-23JUN-T4.2,160,2023-03-01T01:17:54.538316Z,11,89,no
769,dd7e459a-7b77-4462-a00b-c880b127f61f,CPICOREYOY-23JUN-T4.2,100,2023-03-01T00:12:19.27084Z,11,89,yes
770,7b8aa21a-220b-40cb-a7fb-4c397220fa3b,CPICOREYOY-23JUN-T4.2,200,2023-03-01T00:12:19.27084Z,12,88,yes
771,11ce23cb-d8e1-4471-86f4-189bebb55334,CPICOREYOY-23JUN-T4.2,200,2023-03-01T00:12:19.27084Z,13,87,yes
772,8553623f-b9e3-402d-a5d5-35e1d7317136,CPICOREYOY-23JUN-T4.3,45,2023-07-05T00:34:50.329377Z,97,3,no
773,b6df1b94-7e83-4e58-80ca-f05b2262e8d5,CPICOREYOY-23JUN-T4.3,150,2023-06-20T00:30:36.45842Z,96,4,no
774,3c021dd7-64b4-476a-a3b1-110855d28dd8,CPICOREYOY-23JUN-T4.3,100,2023-06-20T00:29:42.362674Z,96,4,no
775,c977d207-8159-4366-af2b-6be95a9a77b9,CPICOREYOY-23JUN-T4.3,160,2023-04-11T22:00:33.258121Z,5,95,yes
776,1cc1b1a5-3098-4b3d-ab44-ef8731ddcc3b,CPICOREYOY-23JUN-T4.3,100,2023-04-11T21:43:41.162462Z,5,95,yes
777,dc01e690-3cd8-426d-bd57-f9eae0eafc82,CPICOREYOY-23JUN-T4.3,40,2023-04-11T00:55:00.311124Z,5,95,yes
778,c8c270b7-1be0-4292-a562-d611a6dbc238,CPICOREYOY-23JUN-T4.3,140,2023-03-01T01:27:14.760326Z,4,96,no
779,37e06bdd-b12f-49d4-8824-f06b30ba8700,CPICOREYOY-23JUN-T4.3,200,2023-03-01T01:27:00.03055Z,4,96,no
780,a7f7bb4d-25a6-449d-a218-70cfc04724a2,CPICOREYOY-23JUN-T4.3,200,2023-03-01T01:26:41.468298Z,4,96,no
781,235c250a-398d-42b3-babb-54346afe9f0f,CPICOREYOY-23JUN-T4.3,160,2023-03-01T01:26:15.832351Z,5,95,no
782,e9b8e548-bcc5-43d2-93ed-2f7af072a543,CPICOREYOY-23JUN-T4.3,200,2023-03-01T01:18:20.694394Z,6,94,no
783,83ef5e3a-0de4-4c57-a838-669d156c6b27,CPICOREYOY-23JUN-T4.3,200,2023-03-01T00:12:15.973928Z,8,92,yes
784,6d648d15-ffd2-4b59-9ce6-f59d65d9c75c,CPICOREYOY-23JUN-T4.3,200,2023-03-01T00:12:15.973928Z,9,91,yes
785,04512315-84f5-4ffe-9436-695010c7fcd8,CPICOREYOY-23JUN-T4.3,200,2023-03-01T00:12:15.973928Z,7,93,yes
786,efc87ada-b742-4e97-b824-1a2ec04e3e1b,CPICOREYOY-23JUN-T4.3,200,2023-03-01T00:08:28.924071Z,6,94,yes
787,8a17534c-5c39-4666-9c47-fdec2044d77c,CPICOREYOY-23JUN-T4.3,200,2023-03-01T00:08:28.924071Z,7,93,yes
788,27706dbf-c996-4cfe-a8ab-af47cd97c6e6,CPICOREYOY-23JUN-T4.3,200,2023-02-28T23:55:57.711502Z,5,95,yes
789,8e1d929d-5ae8-4fc4-a93e-a6dbbf09c411,CPICOREYOY-23JUN-T4.4,300,2023-07-06T22:16:49.344523Z,97,3,no
790,91476055-4a64-4721-8d6a-e5345d453b86,CPICOREYOY-23JUN-T4.4,45,2023-07-05T00:35:07.52433Z,97,3,no
791,a505c0a1-6268-4adb-9e3f-49ac293e511d,CPICOREYOY-23JUN-T4.4,450,2023-06-20T00:30:57.519182Z,95,5,no
792,6a5a8f3b-b08f-4c6b-ae06-d4efb2fa3fe5,CPICOREYOY-23JUN-T4.4,100,2023-06-20T00:29:54.708772Z,95,5,no
793,18f23138-4ec1-4496-8c67-daa1d1fbe67a,CPICOREYOY-23JUN-T4.4,400,2023-06-17T18:40:37.935017Z,97,3,yes
794,ed60150f-96dc-4ee8-b123-43cd01db05ef,CPICOREYOY-23JUN-T4.4,200,2023-06-17T12:46:09.82624Z,97,3,yes
795,9eff5079-35e6-4b37-a390-138436be95d9,CPICOREYOY-23JUN-T4.4,225,2023-06-13T13:40:19.015967Z,95,5,yes
796,d873a008-def2-46ca-8117-1d16f646c98e,CPICOREYOY-23JUN-T4.4,25,2023-06-02T14:24:44.604432Z,40,60,yes
797,f9f3c3b1-f150-4f5b-bce9-ffad826b9087,CPICOREYOY-23JUN-T4.4,50,2023-06-01T21:03:24.842869Z,25,75,yes
798,cf02ccf0-fd26-4c5e-b3b6-704dcc27921f,CPICOREYOY-23JUN-T4.4,100,2023-06-01T18:30:10.760366Z,10,90,no
799,b59aeea5-15f0-46f0-8cf9-361ca482176e,CPICOREYOY-23JUN-T4.4,200,2023-04-15T20:58:38.140323Z,3,97,yes
800,5e2dea23-b107-41c5-84cc-37e02062b012,CPICOREYOY-23JUN-T4.4,500,2023-04-11T22:01:37.332178Z,3,97,yes
801,a7ed8f55-284e-48d8-9f6a-d2e8ce0dcc53,CPICOREYOY-23JUN-T4.4,100,2023-04-11T00:47:39.387555Z,3,97,yes
802,f88a896a-1700-4f02-a9fa-fb243f2c4544,CPICOREYOY-23JUN-T4.4,100,2023-03-07T15:59:14.424396Z,3,97,yes
803,5e3fe40f-b281-45a4-977c-3aa7024dd6f0,CPICOREYOY-23JUN-T4.4,300,2023-03-07T15:58:53.885831Z,3,97,yes
804,fc88cc7b-d733-465d-87ea-d25f4b3b67cc,CPICOREYOY-23JUN-T4.4,200,2023-03-01T01:28:33.856302Z,2,98,no
805,363689e9-ffc4-4319-968b-ceffb4b9488a,CPICOREYOY-23JUN-T4.4,200,2023-03-01T01:27:56.74567Z,2,98,no
806,f89886bd-2937-4c6e-b0d4-80cb9aa00515,CPICOREYOY-23JUN-T4.4,200,2023-03-01T00:12:13.229587Z,5,95,yes
807,c3b98025-0eaf-4d5b-a11a-fb363e0e6a30,CPICOREYOY-23JUN-T4.4,200,2023-03-01T00:12:13.229587Z,7,93,yes
808,67129908-f890-4cfc-a1c8-371e02dbd0e2,CPICOREYOY-23JUN-T4.4,200,2023-03-01T00:12:13.229587Z,6,94,yes
809,fa91ca13-a8f9-4896-a897-3b4385723f6e,CPICOREYOY-23JUN-T4.4,200,2023-03-01T00:08:25.638233Z,6,94,yes
810,65efe126-f6ff-42b7-a4d4-c86573a4f6f0,CPICOREYOY-23JUN-T4.4,200,2023-03-01T00:08:25.638233Z,4,96,yes
811,14e7c083-c1ae-4006-8e3d-7c1560b94356,CPICOREYOY-23JUN-T4.4,200,2023-03-01T00:08:25.638233Z,5,95,yes
812,b059cddc-8dea-4a82-9baf-acdb8b10da62,CPICOREYOY-23JUN-T4.4,200,2023-03-01T00:00:05.761227Z,3,97,yes
813,75d9bd93-904b-4008-bbe8-fd70f466b592,CPICOREYOY-23JUN-T4.4,200,2023-03-01T00:00:05.761227Z,4,96,yes
814,59265fba-859f-4d4c-b40c-a2b5d59263bd,CPICOREYOY-23JUN-T4.5,1,2023-07-11T03:36:44.861524Z,95,5,no
815,2fcf4466-6ed8-4129-a63b-5f4df3ac1bad,CPICOREYOY-23JUN-T4.7,100,2023-07-12T12:18:59.471839Z,93,7,yes
816,abad8d0e-1343-4f7a-897d-a2b2d0d01a8f,CPICOREYOY-23JUN-T4.7,20,2023-07-12T12:08:51.92728Z,88,12,no
817,52313e81-f464-4988-9af5-cfad4de05dde,CPICOREYOY-23JUN-T4.7,1000,2023-07-12T03:57:01.770905Z,93,7,yes
818,63427b00-1fb0-43ca-8ce7-6d32f89727d4,CPICOREYOY-23JUN-T4.7,100,2023-07-12T03:40:17.853869Z,93,7,yes
819,7dfa7959-4684-4b29-bfca-9d3ea071b6eb,CPICOREYOY-23JUN-T4.7,245,2023-07-12T02:55:32.19026Z,92,8,yes
820,74ed943c-395c-4748-b3b3-662d517d35b6,CPICOREYOY-23JUN-T4.7,5,2023-07-12T02:54:45.061753Z,92,8,yes
821,e8168f72-346b-4bd7-92cf-7f34e0e7efdc,CPICOREYOY-23JUN-T4.7,2500,2023-07-12T02:50:17.234194Z,92,8,yes
822,660161e3-e423-4576-9207-33fe229617ee,CPICOREYOY-23JUN-T4.7,75,2023-07-11T14:57:49.685677Z,92,8,yes
823,8a16939d-6fd4-4cae-9bf9-d8039fe53567,CPICOREYOY-23JUN-T4.7,4,2023-07-11T13:33:58.939964Z,92,8,yes
824,c91f99d1-9618-4b63-a789-e6c05bf2959b,CPICOREYOY-23JUN-T4.7,100,2023-07-11T12:37:48.364386Z,89,11,no
825,a8229991-db76-48f6-b1ac-d1ab00cc34d2,CPICOREYOY-23JUN-T4.7,2000,2023-07-11T12:37:48.364386Z,88,12,no
826,e4c86e69-8731-4350-a98c-fa4d269270ec,CPICOREYOY-23JUN-T4.7,1000,2023-07-11T03:13:19.404004Z,88,12,no
827,87d32676-8e30-41e2-a608-db12160c7265,CPICOREYOY-23JUN-T4.7,500,2023-07-11T03:13:19.404004Z,88,12,no
828,dd69eab2-67dd-4f78-bbdb-f5b0949a85f7,CPICOREYOY-23JUN-T4.7,500,2023-07-10T23:02:19.397421Z,88,12,no
829,2f4ef49f-716a-42d1-934b-b18dd666dd6d,CPICOREYOY-23JUN-T4.7,1000,2023-07-10T22:46:14.962983Z,88,12,no
830,a302485b-c2a8-4660-8466-c0b447e2a12c,CPICOREYOY-23JUN-T4.7,555,2023-07-10T22:38:04.663542Z,89,11,no
831,77bf0c22-1913-462a-9a0b-6739eec9f047,CPICOREYOY-23JUN-T4.7,390,2023-07-10T22:38:04.663542Z,88,12,no
832,2dd4ac88-5385-4938-8864-4e571302c6be,CPICOREYOY-23JUN-T4.7,555,2023-07-10T22:38:04.663542Z,88,12,no
833,3734a92b-d66a-4c32-b09e-0528125383e8,CPICOREYOY-23JUN-T4.7,555,2023-07-10T22:37:19.632023Z,90,10,no
834,8e18c1e5-eba3-495a-b404-39c2494f2fca,CPICOREYOY-23JUN-T4.7,530,2023-07-10T22:36:07.040475Z,90,10,no
835,765c6f95-7e1b-4acf-833a-0161e8311f66,CPICOREYOY-23JUN-T4.7,25,2023-07-10T19:50:23.952503Z,90,10,no
836,067434c9-b7eb-4094-98ed-f0a6a172c209,CPICOREYOY-23JUN-T4.7,1,2023-07-07T13:26:47.29391Z,94,6,yes
837,0e8cd74d-8672-419f-8f49-04fbdd96472e,CPICOREYOY-23JUN-T4.7,1000,2023-07-06T22:16:56.860318Z,92,8,yes
838,4a12fbf8-ada6-4bac-899e-521e49571129,CPICOREYOY-23JUN-T4.7,416,2023-07-05T01:31:45.341688Z,85,15,no
839,f04b5b2b-4486-49ff-9ff5-7ab72cfc2d9e,CPICOREYOY-23JUN-T4.7,1200,2023-07-05T01:30:58.767775Z,87,13,no
840,53e67fe9-57fb-4f54-8747-2addcc54eb97,CPICOREYOY-23JUN-T4.7,1500,2023-07-05T01:30:58.767775Z,85,15,no
841,9d7ab7cf-d181-430b-bd38-1c20b766a2fd,CPICOREYOY-23JUN-T4.7,1050,2023-07-01T14:16:42.427229Z,90,10,no
842,6eb20e6e-898c-40d4-858e-7625254bb1a7,CPICOREYOY-23JUN-T4.7,1500,2023-07-01T14:16:42.427229Z,88,12,no
843,05b76b4c-3602-44d6-96a6-b5022bdfb494,CPICOREYOY-23JUN-T4.7,1500,2023-07-01T14:16:42.427229Z,89,11,no
844,db8d70f4-1b40-49c6-9c05-abdfc64647fd,CPICOREYOY-23JUN-T4.7,209,2023-06-28T20:24:18.744427Z,95,5,yes
845,78535f05-e999-4240-a258-76a0051e1d4e,CPICOREYOY-23JUN-T4.7,1250,2023-06-27T22:35:54.079357Z,91,9,no
846,61da4077-2c5a-4d1f-a9f2-3e23562fe00f,CPICOREYOY-23JUN-T4.7,1250,2023-06-27T22:35:54.079357Z,90,10,no
847,ced48e4d-b444-4543-899e-ee327beb33d3,CPICOREYOY-23JUN-T4.7,1125,2023-06-26T16:17:15.151862Z,92,8,no
848,619721d5-871d-4851-8034-ef7ecd70a49a,CPICOREYOY-23JUN-T4.7,360,2023-06-21T14:20:11.488457Z,93,7,no
849,02e222b4-9b4a-4ad0-8e2f-05c73cf11252,CPICOREYOY-23JUN-T4.7,482,2023-06-21T14:20:11.488457Z,92,8,no
850,c6976059-f988-407d-ba42-86802813b459,CPICOREYOY-23JUN-T4.7,333,2023-06-18T17:48:32.440873Z,94,6,no
851,a72e2e9b-ad91-4e58-87fc-d29e5bd474ee,CPICOREYOY-23JUN-T4.7,25,2023-06-18T13:42:52.695525Z,96,4,yes
852,efee55cc-de68-4bf8-95f2-e93e7b087f0a,CPICOREYOY-23JUN-T4.7,300,2023-06-16T17:18:02.378205Z,89,11,yes
853,aca95cec-5967-4a6a-b859-39fd22179244,CPICOREYOY-23JUN-T4.7,400,2023-06-14T19:57:41.100631Z,94,6,yes
854,5e584df8-fe94-4a5a-9365-5d6ff9720dbd,CPICOREYOY-23JUN-T4.7,200,2023-06-14T19:57:41.100631Z,93,7,yes
855,9d0860b8-7190-4bd8-a29d-6d29ecbed937,CPICOREYOY-23JUN-T4.7,100,2023-06-13T22:18:00.473353Z,94,6,yes
856,42faa451-15c2-4734-826a-4b7bff876854,CPICOREYOY-23JUN-T4.7,100,2023-06-13T22:18:00.473353Z,96,4,yes
857,1c5d8e35-f49b-464a-8e7a-df979236c834,CPICOREYOY-23JUN-T4.7,100,2023-06-13T22:18:00.473353Z,95,5,yes
858,f6ccfba3-5058-4de2-8d2f-9e61739ad1c3,CPICOREYOY-23JUN-T4.7,100,2023-06-13T22:17:02.219868Z,93,7,yes
859,d6d5b059-a46b-4235-ac8f-f0661764c938,CPICOREYOY-23JUN-T4.7,100,2023-06-13T22:17:02.219868Z,92,8,yes
860,413eb8b3-f12a-48a8-b8fe-782c243fed94,CPICOREYOY-23JUN-T4.7,100,2023-06-13T22:17:02.219868Z,94,6,yes
861,e25b27dd-8ec8-4a8f-aa80-e429bea1ae55,CPICOREYOY-23JUL-T3.0,40,2023-03-02T22:08:21.265377Z,98,2,no
862,09b5a1bc-f799-4052-88ac-f19f5dcd4a93,CPICOREYOY-23JUL-T3.0,200,2023-03-02T22:08:21.265377Z,99,1,no
863,66088af3-b4d8-4e60-b529-700514e435c1,CPICOREYOY-23JUL-T3.2,100,2023-03-09T16:10:36.692209Z,98,2,no
864,6dc38fe5-ff41-4457-b05e-94842a669c9e,CPICOREYOY-23JUL-T3.4,100,2023-03-09T16:10:16.146676Z,96,4,no
865,e5ad7199-3ee2-472c-80fe-be41ebb9dfef,CPICOREYOY-23JUL-T3.5,100,2023-03-09T16:10:04.875493Z,93,7,no
866,bce79b68-2625-4263-9797-b1a2694ed9f5,CPICOREYOY-23JUL-T3.8,74,2023-03-08T03:48:02.616567Z,55,45,yes
867,15927b93-dcd5-4a87-999c-aa768298da48,CPICOREYOY-23JUL-T3.8,60,2023-03-08T03:48:02.616567Z,53,47,yes
868,dc887d94-d187-48a9-aafc-686add522966,CPICOREYOY-23JUL-T3.8,18,2023-03-02T22:07:38.568131Z,53,47,yes
869,b8493169-7686-48dc-b439-a7c1de489027,CPICOREYOY-23JUL-T3.8,2,2023-03-02T00:17:10.087748Z,53,47,yes
870,a1e2c428-a6ea-4ab7-831d-ab9d89cd2a88,CPICOREYOY-23JUL-T3.9,10,2023-03-07T13:58:08.199773Z,30,70,yes
871,d36d0520-0a77-4871-9829-f03cc36d549f,CPICOREYOY-23JUL-T4.0,62,2023-03-12T17:05:56.58512Z,15,85,yes
872,bea380dc-3672-453e-a403-54d4f0b75eb2,CPICOREYOY-23AUG-T3.9,80,2023-03-01T01:20:42.78934Z,4,96,no
873,56dda365-bbe8-4b57-9e0f-5e355ca27bd2,CPICOREYOY-23AUG-T3.9,200,2023-03-01T01:20:25.772113Z,4,96,no
874,066b015c-9922-4536-ab79-83acc37bab5e,CPICOREYOY-23AUG-T3.9,60,2023-03-01T00:10:43.043068Z,5,95,yes
875,6aac833e-dbb0-4748-9871-ab40c05ebd4e,CPICOREYOY-23AUG-T3.9,20,2023-02-28T23:55:41.164705Z,4,96,yes
876,183addbf-53b1-47e4-ac63-afbe4d7e4a1a,CPICOREYOY-23AUG-T3.9,200,2023-02-28T23:55:41.164705Z,5,95,yes
877,12179058-d031-4f93-8beb-506d70a1f72e,CPICOREYOY-23AUG-T4.0,44,2023-08-09T18:41:27.752515Z,89,11,yes
878,d2b851e6-bde9-4808-a18f-cc1a269a8ce6,CPICOREYOY-23AUG-T4.0,20,2023-08-08T23:57:40.380875Z,83,17,yes
879,912b74ed-72c6-48c7-ac2f-366a09e88285,CPICOREYOY-23AUG-T4.0,200,2023-08-08T23:57:40.380875Z,85,15,yes
880,6750091e-88d2-42f6-ba6f-4cf0278e04f1,CPICOREYOY-23AUG-T4.0,200,2023-08-08T23:57:40.380875Z,84,16,yes
881,dbc2b0cf-2561-4ae5-a762-44dfa4f5c932,CPICOREYOY-23AUG-T4.0,75,2023-08-08T16:54:22.882921Z,80,20,yes
882,db42632c-9aa5-4a4b-95b2-ef9361948585,CPICOREYOY-23AUG-T4.0,22,2023-08-02T14:49:12.626565Z,76,24,no
883,94f78aaa-6fdd-4a57-ada4-df7acb6dbdda,CPICOREYOY-23AUG-T4.0,75,2023-08-02T14:49:12.626565Z,73,27,no
884,73a90c73-6e8b-4f2d-831d-0707d977e059,CPICOREYOY-23AUG-T4.0,75,2023-08-02T14:49:12.626565Z,75,25,no
885,8fc96a66-181b-43cf-b775-187f72792855,CPICOREYOY-23AUG-T4.0,75,2023-08-01T19:00:19.882026Z,80,20,no
886,7c26d26e-a030-458c-b77c-e4b23da16595,CPICOREYOY-23AUG-T4.0,60,2023-08-01T19:00:19.882026Z,81,19,no
887,6d967722-82c4-4f20-bfb9-2db9f4a77914,CPICOREYOY-23AUG-T4.0,75,2023-08-01T19:00:19.882026Z,78,22,no
888,311a40e7-87e4-4e03-a395-9184853c14a5,CPICOREYOY-23AUG-T4.0,22,2023-08-01T18:59:20.646427Z,82,18,yes
889,b2a8fd75-d219-456a-83f4-08568a4968bf,CPICOREYOY-23AUG-T4.0,60,2023-08-01T18:59:07.360654Z,84,16,no
890,28fb9cbe-aa34-4ac3-96f2-205ec1d70723,CPICOREYOY-23AUG-T4.0,75,2023-08-01T18:59:07.360654Z,82,18,no
891,df427242-d0c3-4fee-bf56-6b9e0d148013,CPICOREYOY-23AUG-T4.0,222,2023-07-31T18:02:22.420661Z,70,30,no
892,03fd00d1-6fed-4229-bb26-61aa37d2477c,CPICOREYOY-23AUG-T4.0,50,2023-07-29T13:57:36.697755Z,70,30,no
893,1c3f502f-b800-4444-9e04-0eb47edfef18,CPICOREYOY-23AUG-T4.0,115,2023-07-18T01:59:16.721744Z,70,30,no
894,997d4b10-71f9-4030-a2ab-b10ca52e2cbe,CPICOREYOY-23AUG-T4.0,165,2023-03-30T21:09:39.22854Z,3,97,yes
895,042a5c8b-6c61-4269-b7d7-1f7022d7867f,CPICOREYOY-23AUG-T4.0,75,2023-03-22T13:50:56.975612Z,3,97,yes
896,2699bc7c-980f-4b1b-bee7-b6b1adf7f1bc,CPICOREYOY-23AUG-T4.0,200,2023-03-01T01:41:03.858772Z,1,99,no
897,f23186c8-8c92-4145-85ee-a19993007f8c,CPICOREYOY-23AUG-T4.0,160,2023-03-01T01:33:29.363814Z,2,98,no
898,f8cb140a-9532-4251-8b27-59d27d2340cd,CPICOREYOY-23AUG-T4.0,200,2023-03-01T01:33:15.474465Z,2,98,no
899,ff0745de-3f98-46de-8210-6da26e62823d,CPICOREYOY-23AUG-T4.0,200,2023-03-01T00:13:03.987835Z,4,96,yes
900,e6817962-4718-46a9-8d15-2508370802d8,CPICOREYOY-23AUG-T4.0,200,2023-03-01T00:10:40.1312Z,4,96,yes
901,9e920c26-cb1c-40d4-ad0d-c06acf1f529f,CPICOREYOY-23AUG-T4.0,200,2023-03-01T00:01:19.845908Z,4,96,yes
902,834abec4-9c38-416c-9da7-349b110028fd,CPICOREYOY-23AUG-T4.0,200,2023-03-01T00:01:19.845908Z,3,97,yes
903,25cfd57d-b9ea-435a-aa04-e47d85dcdcf5,CPICOREYOY-23AUG-T4.1,187,2023-08-29T19:49:55.25753Z,97,3,yes
904,212fb1b0-9ea8-48b9-bfb7-4c4fdb337d44,CPICOREYOY-23AUG-T4.1,250,2023-08-16T13:51:01.403373Z,82,18,no
905,d61e3518-0660-4300-9a0c-668ec82f364f,CPICOREYOY-23AUG-T4.1,250,2023-08-16T13:48:33.591058Z,85,15,no
906,4e4da58b-f8aa-4153-a099-ff4ff8b852d0,CPICOREYOY-23AUG-T4.1,125,2023-08-15T15:55:01.535096Z,94,6,yes
907,cc28267f-5ce4-488a-be04-edce92284ae7,CPICOREYOY-23AUG-T4.1,12,2023-08-14T21:37:28.555301Z,94,6,yes
908,5e401ec9-5e16-4d1d-9d27-cf1fc6041b00,CPICOREYOY-23AUG-T4.1,50,2023-08-12T19:52:13.986428Z,94,6,yes
909,fbb2b75b-a42b-4f99-a8f0-f7364a4f5563,CPICOREYOY-23AUG-T4.1,140,2023-08-10T13:07:43.69501Z,20,80,no
910,f5977e1b-b6e6-4eb6-9098-44d8420f3150,CPICOREYOY-23AUG-T4.1,200,2023-08-09T17:13:49.649835Z,65,35,yes
911,907e59ed-673c-4abe-98f3-5fae50657f55,CPICOREYOY-23AUG-T4.1,200,2023-08-09T17:13:49.649835Z,66,34,yes
912,32f9c211-4239-432f-af55-f4fc813e1d64,CPICOREYOY-23AUG-T4.1,20,2023-08-09T00:54:03.756865Z,64,36,yes
913,cd5e4aa1-415d-461c-bc3a-0568c0d8618f,CPICOREYOY-23AUG-T4.1,400,2023-08-05T20:51:48.637135Z,50,50,no
914,1f71ec02-b5e9-49b1-bbd0-f0062ef10662,CPICOREYOY-23AUG-T4.1,400,2023-08-05T20:51:48.637135Z,52,48,no
915,0b95e52a-dbb9-47cb-b6d5-e1aa5558a2ff,CPICOREYOY-23AUG-T4.1,160,2023-08-05T20:51:48.637135Z,54,46,no
916,f6496083-3566-474b-bebc-fba5410297c3,CPICOREYOY-23AUG-T4.1,75,2023-08-02T14:49:07.946093Z,52,48,no
917,ec2c7dc2-2254-4d36-9b95-ea7603fba98d,CPICOREYOY-23AUG-T4.1,75,2023-08-02T14:49:07.946093Z,54,46,no
918,f0ee0859-6052-4e8e-aeb4-ba9e7083dc17,CPICOREYOY-23AUG-T4.1,30,2023-08-02T14:48:52.511513Z,60,40,no
919,c80c097f-d434-4a0f-b252-f443fe00a101,CPICOREYOY-23AUG-T4.1,75,2023-08-02T14:48:52.511513Z,56,44,no
920,9fec97e7-48fe-4aa9-84a6-fc5b88995312,CPICOREYOY-23AUG-T4.1,75,2023-08-02T14:48:52.511513Z,59,41,no
921,b8e8ada0-7a7f-446a-9a0e-39190e1e55e0,CPICOREYOY-23AUG-T4.1,37,2023-08-01T19:00:16.743565Z,63,37,no
922,788fffd6-f351-4310-838c-fc39174ec782,CPICOREYOY-23AUG-T4.1,75,2023-08-01T19:00:16.743565Z,62,38,no
923,56788145-f44b-4f48-a145-c488d78493dd,CPICOREYOY-23AUG-T4.1,75,2023-08-01T19:00:16.743565Z,60,40,no
924,f753523d-d60e-49a8-9f8b-0d4e0e3c474b,CPICOREYOY-23AUG-T4.1,75,2023-08-01T18:59:04.106489Z,68,32,no
925,344b197d-b191-4ec8-a9a9-92c187e1b18a,CPICOREYOY-23AUG-T4.1,75,2023-08-01T18:59:04.106489Z,66,34,no
926,07485e8f-0d4a-4e83-8c2b-9fee713aeeb4,CPICOREYOY-23AUG-T4.1,22,2023-08-01T18:59:04.106489Z,70,30,no
927,8639f9fa-bc67-41ff-b9f3-10535a7e2169,CPICOREYOY-23AUG-T4.1,50,2023-08-01T16:26:47.173566Z,70,30,no
928,69ef6a36-42f7-4cbc-86bb-d59e17456a50,CPICOREYOY-23AUG-T4.1,50,2023-08-01T16:26:47.173566Z,72,28,no
929,d92827ce-60f9-4373-b9cc-1f1b65ffeb70,CPICOREYOY-23AUG-T4.1,33,2023-07-24T20:40:51.812444Z,61,39,no
930,9cbfee67-0de8-4b07-8f45-738a5228dfe4,CPICOREYOY-23AUG-T4.1,33,2023-07-24T20:40:51.812444Z,63,37,no
931,d3e28cca-b431-4c83-8cc5-43270d6592e6,CPICOREYOY-23AUG-T4.1,50,2023-07-19T20:40:37.148857Z,65,35,no
932,8472c065-7864-477b-9391-5e1ef8080a12,CPICOREYOY-23AUG-T4.1,2,2023-07-19T20:40:37.148857Z,52,48,no
933,73771b71-4ab8-4e52-a805-4246a6b7376e,CPICOREYOY-23AUG-T4.1,50,2023-07-19T20:40:37.148857Z,67,33,no
934,6a159c82-1dbd-4423-a718-198db575283e,CPICOREYOY-23AUG-T4.1,15,2023-07-19T20:40:37.148857Z,69,31,no
935,bb4dfb90-b7b0-46cf-85f4-ab3660ffe2bd,CPICOREYOY-23AUG-T4.1,10,2023-07-19T20:26:29.363507Z,75,25,yes
936,6397bc51-830b-4143-8217-5751b2b0d90c,CPICOREYOY-23AUG-T4.1,50,2023-07-19T20:26:29.351461Z,75,25,yes
937,de6b27af-700e-452c-9345-feb1825b9789,CPICOREYOY-23AUG-T4.1,50,2023-07-19T20:26:19.609057Z,75,25,yes
938,bd8b8755-bc31-47ba-9e4a-fd6b3be3f14e,CPICOREYOY-23AUG-T4.1,40,2023-07-19T20:26:19.591379Z,75,25,yes
939,cc9b1144-5772-40b9-8235-e72ad806ce14,CPICOREYOY-23AUG-T4.1,50,2023-07-19T20:26:19.573778Z,75,25,yes
940,862e8f77-71f4-4494-bf4c-cc9b2cfba5fa,CPICOREYOY-23AUG-T4.1,760,2023-07-12T14:21:19.334169Z,50,50,no
941,93e6f20b-c3c5-4fb7-bb1d-86295f4e809f,CPICOREYOY-23AUG-T4.1,240,2023-07-12T14:21:13.902074Z,50,50,no
942,a3c200a2-94b1-4370-ad07-4c1150ebc43d,CPICOREYOY-23AUG-T4.1,240,2023-04-15T22:56:22.312846Z,2,98,yes
943,dab12a79-0794-4345-a58d-2083bcb403b6,CPICOREYOY-23AUG-T4.1,100,2023-04-11T00:49:10.340578Z,2,98,yes
944,b9a9a154-f088-4d11-b535-4c8a4800e5de,CPICOREYOY-23AUG-T4.1,340,2023-03-30T21:08:27.43137Z,2,98,yes
945,d4ae10ee-b7ea-49c1-be27-366374a9078f,CPICOREYOY-23AUG-T4.1,180,2023-03-01T01:40:54.783549Z,1,99,no
946,10ebe4ce-1c2b-4640-ab47-0a12b41375c1,CPICOREYOY-23AUG-T4.1,200,2023-03-01T00:13:01.384055Z,3,97,yes
947,facf0c03-8593-4427-9099-8a7226b5e242,CPICOREYOY-23AUG-T4.1,60,2023-03-01T00:10:36.971552Z,2,98,yes
948,b54dd567-6018-4ee3-a115-a47ee2a7c9d4,CPICOREYOY-23AUG-T4.1,200,2023-03-01T00:10:36.971552Z,3,97,yes
949,1750aed2-8733-447a-8095-49aa7290b926,CPICOREYOY-23AUG-T4.1,200,2023-03-01T00:01:23.110103Z,2,98,yes
950,1705b3a0-2466-4d67-90a8-288a9efb2128,CPICOREYOY-23AUG-T4.1,200,2023-03-01T00:01:23.110103Z,3,97,yes
951,a7e0fe2d-0951-4b29-8a94-14fa54c69ec5,CPICOREYOY-23AUG-T4.2,59,2023-09-13T12:24:46.220215Z,93,7,no
952,f3dc4d2c-cae3-4a32-8e96-78827a84f20e,CPICOREYOY-23AUG-T4.2,3,2023-09-12T23:25:35.621407Z,91,9,no
953,d9d798bd-b7a1-4ada-9106-b4ad5813faf9,CPICOREYOY-23AUG-T4.2,25,2023-09-12T17:14:46.727307Z,94,6,yes
954,da53d7d1-49eb-46be-ab13-d5aca182001a,CPICOREYOY-23AUG-T4.2,2700,2023-08-31T15:53:36.132834Z,90,10,no
955,170dcb2c-cbd2-4bca-a107-60bbf55032a2,CPICOREYOY-23AUG-T4.2,1700,2023-08-29T19:49:34.36475Z,92,8,no
956,f55885a1-9f65-47a2-bb9e-bf08b858612f,CPICOREYOY-23AUG-T4.2,300,2023-08-25T15:18:11.278046Z,91,9,no
957,9c241cfd-5ef1-4a6b-a48e-118fca6b7092,CPICOREYOY-23AUG-T4.2,350,2023-08-21T18:46:03.381532Z,89,11,yes
958,cae34379-7f0e-4639-912a-3fa23c503e16,CPICOREYOY-23AUG-T4.2,300,2023-08-12T12:49:25.740823Z,69,31,yes
959,8b0a8997-191b-4651-9a0f-bea40cdf8c7b,CPICOREYOY-23AUG-T4.2,750,2023-08-12T12:49:25.740823Z,72,28,yes
960,581f0137-4b59-47c4-90bd-dfeb10a60319,CPICOREYOY-23AUG-T4.2,177,2023-08-12T12:49:25.740823Z,73,27,yes
961,d106f049-ef3e-479d-b35c-04467d4523f3,CPICOREYOY-23AUG-T4.2,20,2023-08-09T17:41:27.899452Z,45,55,yes
962,83e581f8-a582-42d4-ba19-313fdfd4df91,CPICOREYOY-23AUG-T4.2,200,2023-08-09T17:41:27.899452Z,46,54,yes
963,3f9faa7f-9957-423f-926e-91e339f0b4e8,CPICOREYOY-23AUG-T4.2,200,2023-08-09T17:41:27.899452Z,47,53,yes
964,7d9fc370-38ab-4715-ba45-a47774cfdcb6,CPICOREYOY-23AUG-T4.2,400,2023-08-05T20:51:32.507723Z,32,68,no
965,7a98c2b8-3129-4488-964f-87c1af418de2,CPICOREYOY-23AUG-T4.2,200,2023-08-05T20:51:32.507723Z,35,65,no
