,trade_id,ticker,count,created_time,yes_price,no_price,taker_side
0,7205b115-e9ca-4a5e-9a83-dbf702546e57,RECSSNBER-22,50,2022-07-28T13:31:07.61886Z,99,1,no
1,78887759-17eb-4b32-aa8c-c27ec392830f,RECSSNBER-22,59,2022-07-28T13:09:01.664058Z,99,1,no
2,6de56eb4-a3c5-48e6-a2f6-dbaa92efea4b,RECSSNBER-22,41,2022-07-28T13:09:01.664058Z,99,1,no
3,e759f212-788a-4abb-afc1-7860620bc6ec,RECSSNBER-22,1,2022-07-28T13:04:06.371039Z,99,1,no
4,5e28c684-e46a-4160-9ec1-2d004e358b0e,RECSSNBER-22,3,2022-07-28T12:56:48.984793Z,99,1,no
5,d0cd6a82-1997-4758-93b9-a7f4b08a5879,RECSSNBER-22,15,2022-07-28T12:48:25.092585Z,99,1,no
6,6d41e271-fc14-42b7-88b1-a906f8858709,RECSSNBER-22,328,2022-07-28T12:36:07.819876Z,99,1,no
7,d1348b46-a61d-4d54-8bfb-3139dc0a4e8e,RECSSNBER-22,37,2022-07-28T12:34:39.547529Z,99,1,no
8,bfe1d40b-d4c4-4877-a837-a67645f70570,RECSSNBER-22,500,2022-07-28T12:30:59.437903Z,99,1,yes
9,e9040d52-44a6-4621-b7e6-b834fd430e2e,RECSSNBER-22,430,2022-07-28T12:30:30.912738Z,98,2,yes
10,c0070fb1-1dd1-4e11-acef-d327176b48ae,RECSSNBER-22,74,2022-07-28T12:30:30.912738Z,97,3,yes
11,60183ff6-223e-43d2-a627-f35c70f690b5,RECSSNBER-22,300,2022-07-28T12:30:30.912738Z,98,2,yes
12,436d393a-0c7b-49cd-8dbc-4b7d6012e14c,RECSSNBER-22,100,2022-07-28T12:30:30.912738Z,97,3,yes
13,54b31d11-ef25-460d-b9c5-46090644aab9,RECSSNBER-22,100,2022-07-28T12:30:30.102357Z,96,4,yes
14,82ce896f-80f6-45dd-bdb9-35e5ccc1f188,RECSSNBER-22,250,2022-07-28T12:30:19.202147Z,91,9,yes
15,7af97bcf-145e-4a5d-8f80-a5e34d143dca,RECSSNBER-22,200,2022-07-28T12:30:19.001365Z,62,38,no
16,40dd0080-2dda-42d0-b11f-630547393bbb,RECSSNBER-22,75,2022-07-28T12:30:19.001365Z,50,50,no
17,20c3bf16-3cc6-487f-9b25-bc40b5fbe52d,RECSSNBER-22,250,2022-07-28T12:30:19.001365Z,35,65,no
18,1f0d067a-da28-4939-8bce-424cd6fc1b37,RECSSNBER-22,612,2022-07-28T12:30:19.001365Z,30,70,no
19,ed211652-be45-4d8f-b543-8617246b92c4,RECSSNBER-22,9,2022-07-28T12:27:38.729652Z,67,33,no
20,cd616776-635d-4871-9ab7-9b2cecff7f63,RECSSNBER-22,21,2022-07-28T12:27:38.729652Z,68,32,no
21,a6e48072-9f79-45fc-92fc-4c7651737494,RECSSNBER-22,10,2022-07-28T12:27:38.729652Z,67,33,no
22,d7be6a4a-6427-4449-a98a-65d1b74a2a74,RECSSNBER-22,209,2022-07-28T12:24:06.559965Z,72,28,yes
23,804afb27-9d9e-4e7f-a33f-597cff9efe3c,RECSSNBER-22,56,2022-07-28T12:24:06.559965Z,71,29,yes
24,fbe96067-4501-4b60-9391-a1d258e1ef6f,RECSSNBER-22,82,2022-07-28T12:01:05.21345Z,70,30,yes
25,60bd59b4-120e-4f7e-9032-9775b432cf9d,RECSSNBER-22,208,2022-07-28T12:01:05.21345Z,72,28,yes
26,416e7c1e-69ff-45de-9f15-cca793fac030,RECSSNBER-22,100,2022-07-28T12:01:05.21345Z,69,31,yes
27,3be89403-b2ce-405a-af77-c2a18b11c91a,RECSSNBER-22,204,2022-07-28T12:01:05.21345Z,71,29,yes
28,88b3fa2c-0198-40a7-a2bd-a90b7befcb25,RECSSNBER-22,25,2022-07-28T01:48:33.307966Z,69,31,yes
29,f2c636ba-0280-44b6-a533-570b17690c8e,RECSSNBER-22,2,2022-07-28T01:47:55.546299Z,69,31,yes
30,95469650-57a6-43e2-947f-c7bf5c6fa5fd,RECSSNBER-22,165,2022-07-28T01:27:42.060924Z,66,34,no
31,d9153c69-b7fe-4bfb-b2f6-eca5cc54fbd1,RECSSNBER-22,20,2022-07-28T01:20:21.564675Z,69,31,yes
32,6babe10e-4698-4d42-8e83-50e2597e300a,RECSSNBER-22,500,2022-07-27T23:13:15.431802Z,66,34,no
33,10344621-f7a6-484e-9e61-d08a60136b6e,RECSSNBER-22,10,2022-07-27T22:17:57.387461Z,69,31,yes
34,d9b3e1f7-4cb1-4b12-be5f-c2b7cd9b48d9,RECSSNBER-22,100,2022-07-27T22:13:24.606152Z,69,31,yes
35,0b86fa41-42db-45e1-bc42-1205b60297c8,RECSSNBER-22,20,2022-07-27T22:12:32.362401Z,66,34,no
36,abd5bd64-3fd6-4525-a0c8-0d4e7654b337,RECSSNBER-22,420,2022-07-27T22:11:50.338518Z,67,33,yes
37,2976ef56-0d1b-4022-8744-0c07915b1154,RECSSNBER-22,198,2022-07-27T22:11:50.338518Z,69,31,yes
38,02304f6e-e709-4c89-b0d5-e7d45bd41500,RECSSNBER-22,194,2022-07-27T22:11:50.338518Z,68,32,yes
39,aa643ad1-b89f-405d-8ec7-bcdf7bcf8420,RECSSNBER-22,180,2022-07-27T22:08:04.159797Z,67,33,yes
40,10e30822-c182-405d-a411-4f84e89780e9,RECSSNBER-22,400,2022-07-27T21:59:58.137327Z,67,33,no
41,ec66b578-3585-41a4-847d-22977df10be7,RECSSNBER-22,195,2022-07-27T21:04:43.770051Z,67,33,yes
42,33bb61f7-ef19-4097-94b8-99e7d7c3baa1,RECSSNBER-22,77,2022-07-27T20:59:39.645377Z,66,34,yes
43,598cb16a-1a63-41ae-927d-33efba8aa7db,RECSSNBER-22,37,2022-07-27T20:44:54.827721Z,66,34,yes
44,c785a76a-ba41-4536-b90f-e10f629ffc64,RECSSNBER-22,130,2022-07-27T18:18:36.249386Z,66,34,yes
45,0b1f53fa-a9b1-4a65-82d1-5a97d22e4cf1,RECSSNBER-22,32,2022-07-27T18:18:36.249386Z,66,34,yes
46,d6792670-74b6-4d83-a120-90092cc55d9f,RECSSNBER-22,21,2022-07-27T18:15:29.033885Z,66,34,yes
47,6818c952-f27d-4277-baea-53c4ff28abe1,RECSSNBER-22,39,2022-07-27T18:15:29.033885Z,66,34,yes
48,2f605e58-4b64-433e-86f8-4d758378974d,RECSSNBER-22,10,2022-07-27T17:21:41.956148Z,66,34,yes
49,fac514a9-7a1e-4fcd-a85d-c23a8b615641,RECSSNBER-22,178,2022-07-27T16:15:16.349698Z,60,40,no
50,a1607138-da4b-478b-baef-a8464bc78ed2,RECSSNBER-22,96,2022-07-27T16:15:16.349698Z,61,39,no
51,35a52596-ee96-4b31-bbad-5f3713104159,RECSSNBER-22,166,2022-07-27T16:15:16.349698Z,59,41,no
52,21421fcc-9788-4633-9ec5-440ea33ff132,RECSSNBER-22,85,2022-07-27T16:15:16.349698Z,61,39,no
53,f00ff562-8cc0-4d5a-a4c7-d6ea1e22e1e0,RECSSNBER-22,3,2022-07-27T16:12:47.047894Z,66,34,yes
54,ec342562-cdb3-4392-b372-e67d5650f414,RECSSNBER-22,89,2022-07-27T16:11:18.700048Z,61,39,no
55,e578d397-55ad-4dd8-a77a-8bdc101967d3,RECSSNBER-22,5,2022-07-27T16:11:18.700048Z,61,39,no
56,977292f0-1395-4786-8eef-01f34a072546,RECSSNBER-22,6,2022-07-27T16:11:18.700048Z,62,38,no
57,f4095c05-a709-4eef-9612-87600f1fa806,RECSSNBER-22,100,2022-07-27T16:00:00.371259Z,66,34,yes
58,ab618dd8-fb06-4209-87fd-c7c1de84fd0a,RECSSNBER-22,6,2022-07-27T15:41:31.907198Z,66,34,yes
59,6f3d7133-3c01-46d5-ba0e-12f3a60ba6eb,RECSSNBER-22,44,2022-07-27T15:41:31.907198Z,62,38,yes
60,bd4954c5-3ba9-47d6-abb3-76ea85a05f2e,RECSSNBER-22,55,2022-07-27T15:32:32.363333Z,62,38,yes
61,2e006869-c0b8-4b0f-8b3c-45c361b589c6,RECSSNBER-22,1,2022-07-27T15:14:51.9135Z,62,38,yes
62,6211c26a-9a9c-4506-ad5e-df62842a38b2,RECSSNBER-22,200,2022-07-27T13:56:23.899822Z,71,29,no
63,ef16ed40-44bf-4e50-ac57-3bda10f323cc,RECSSNBER-22,216,2022-07-27T13:37:11.57258Z,75,25,no
64,52b28ffc-07e0-4655-b027-6bb6357ea6d4,RECSSNBER-22,229,2022-07-27T13:37:11.57258Z,76,24,no
65,459ebf93-d8fd-4e8a-b134-996cf8b24097,RECSSNBER-22,180,2022-07-27T13:37:11.57258Z,77,23,no
66,ee094265-25a3-4860-8f84-6aae820752fb,RECSSNBER-22,233,2022-07-27T13:08:32.546576Z,77,23,no
67,9b9e9c9e-ae1d-4742-a473-cb2da9f35246,RECSSNBER-22,176,2022-07-27T13:08:32.546576Z,78,22,no
68,22c47c05-562c-41aa-a854-04e505ca278c,RECSSNBER-22,225,2022-07-27T13:08:32.546576Z,76,24,no
69,21fee16e-572b-4066-b975-8cc4e92654fb,RECSSNBER-22,68,2022-07-27T13:08:32.546576Z,78,22,no
70,4b75b249-a672-447e-a394-afc8f3b0e8da,RECSSNBER-22,111,2022-07-27T13:04:03.799066Z,79,21,no
71,5ea233f0-3c32-482f-bf12-737f1128e3b3,RECSSNBER-22,112,2022-07-26T17:17:10.594858Z,79,21,no
72,b5fb554b-1232-42c0-a429-b7d41ac0528f,RECSSNBER-22,128,2022-07-26T16:05:52.123116Z,84,16,yes
73,b80e8b47-99e5-451a-8ca6-18a56180e72c,RECSSNBER-22,174,2022-07-26T16:05:42.340045Z,84,16,yes
74,243fbdd6-3060-48f7-8154-ac9643aac059,RECSSNBER-22,26,2022-07-26T16:05:42.340045Z,84,16,yes
75,3711597d-7e03-47d7-abff-d4c0ff27bc2f,RECSSNBER-22,100,2022-07-26T16:04:45.074248Z,78,22,no
76,b685ca57-de2c-4969-b10b-1959419fc61d,RECSSNBER-22,191,2022-07-26T16:04:19.042427Z,79,21,no
77,8acbbb08-05d7-430a-a0ca-f02975ce685e,RECSSNBER-22,75,2022-07-26T16:04:19.042427Z,78,22,no
78,2fe18821-ff7c-4531-bd74-8ad488a4b4d3,RECSSNBER-22,34,2022-07-26T16:04:19.042427Z,79,21,no
79,a8fa1a86-4572-4b6d-8ae1-16c6df37aa6c,RECSSNBER-22,52,2022-07-26T16:00:22.538625Z,81,19,no
80,382ca9a5-1982-4c9d-b605-22fabfede5e6,RECSSNBER-22,215,2022-07-26T16:00:22.538625Z,79,21,no
81,21284eea-ac0c-4681-8be8-25b1d3d702c0,RECSSNBER-22,220,2022-07-26T16:00:22.538625Z,80,20,no
82,1f22dc87-7cf2-4828-926d-c28157507137,RECSSNBER-22,13,2022-07-26T16:00:22.538625Z,79,21,no
83,db1fa31f-a3f8-49a2-9b5f-94e9527df14d,RECSSNBER-22,74,2022-07-26T15:17:19.413199Z,84,16,yes
84,07e95b21-546b-40c2-9142-d7cd5b380161,RECSSNBER-22,91,2022-07-26T15:17:19.413199Z,85,15,yes
85,05e298a2-3414-4ac5-8651-7a8806c71cbd,RECSSNBER-22,35,2022-07-26T15:17:19.413199Z,84,16,yes
86,cfc1e1a3-161a-40c8-8123-571ead7e670e,RECSSNBER-22,40,2022-07-26T15:15:42.265822Z,83,17,no
87,b62b8639-19fc-4518-9cd0-5945327df12d,RECSSNBER-22,15,2022-07-26T15:13:47.626279Z,84,16,yes
88,805cfc96-a51b-48f4-accd-5a0752b23c93,RECSSNBER-22,85,2022-07-26T15:13:47.626279Z,84,16,yes
89,014bbcef-2608-4dca-8a98-b4db007761d6,RECSSNBER-22,100,2022-07-25T15:35:39.871334Z,84,16,yes
90,09526ae5-0c35-4a70-9b33-973bde0b04e1,RECSSNBER-22,87,2022-07-25T15:34:57.986013Z,84,16,yes
91,793bfacf-cb0d-4394-a4c3-50eac6a98ca4,RECSSNBER-22,13,2022-07-25T15:34:21.419132Z,83,17,yes
92,0dd03cfb-3cdb-4dde-a6d0-734aac6917d9,RECSSNBER-22,100,2022-07-25T15:33:42.615278Z,83,17,yes
93,be17689d-400c-47e0-a863-5b7a5e41b3cc,RECSSNBER-22,100,2022-07-25T13:42:56.777436Z,80,20,yes
94,a24e0ae8-551a-48ee-9673-4a89c5dce9e0,RECSSNBER-22,188,2022-07-24T18:07:36.684888Z,79,21,no
95,75f08f09-88c1-4acd-a620-3abd172d7176,RECSSNBER-22,64,2022-07-24T18:07:28.522543Z,80,20,no
96,0b6609d0-eecb-49a9-ba39-e2be93732d78,RECSSNBER-22,185,2022-07-23T01:28:22.043278Z,80,20,no
97,c2820773-a419-49f2-948d-415e259ffe5d,RECSSNBER-22,11,2022-07-22T14:39:58.856837Z,80,20,no
98,75b2dabd-a9c6-472c-ba5d-ca50d513b47a,RECSSNBER-22,11,2022-07-21T15:48:55.05536Z,84,16,yes
99,4a3bfbe0-9465-4335-9971-cfa60464b5e5,RECSSNBER-22,33,2022-07-21T03:55:34.164619Z,84,16,yes
100,d71c8549-08ec-446b-b0d7-4c89921d5aa4,RECSSNBER-22,2,2022-07-20T18:21:05.195784Z,80,20,no
101,ccdf1698-3e16-4f42-885e-577f809bcffc,RECSSNBER-22,8,2022-07-20T18:21:05.195784Z,81,19,no
102,35b8ec75-5ac1-4545-b743-e17d3a9d7e73,RECSSNBER-22,43,2022-07-20T17:24:22.975251Z,84,16,yes
103,ffacee46-b260-402a-99e9-e9b739e20525,RECSSNBER-22,30,2022-07-20T14:16:50.68184Z,80,20,no
104,d5b6d393-c249-49f6-8f58-0da3c8eb338c,RECSSNBER-22,66,2022-07-20T14:16:50.68184Z,81,19,no
105,af802ca4-f9b7-4556-9552-634fcfac268b,RECSSNBER-22,27,2022-07-20T14:16:50.68184Z,81,19,no
106,ac8532e3-bbff-46a0-8a84-a3812eea84ef,RECSSNBER-22,255,2022-07-20T14:16:50.68184Z,79,21,no
107,4d9a0f8d-c9d2-465f-a516-34dd20cb14d3,RECSSNBER-22,233,2022-07-20T14:16:50.68184Z,80,20,no
108,17d384ea-e1db-452c-a967-62824eaa5a62,RECSSNBER-22,4,2022-07-20T14:16:50.68184Z,80,20,no
109,339636eb-b832-41c4-b5de-096349038fb3,RECSSNBER-22,58,2022-07-19T22:37:56.349015Z,85,15,yes
110,654ad95e-4077-4b0a-88a2-f4c883a4a732,RECSSNBER-22,10,2022-07-19T20:54:18.936502Z,85,15,yes
111,a0b2c959-aab9-4e34-ae20-fceb5a114634,RECSSNBER-22,50,2022-07-19T20:18:58.919445Z,85,15,yes
112,29ee4d0a-a2c8-4dc3-8dd3-4988f493c98a,RECSSNBER-22,10,2022-07-19T19:57:16.233325Z,80,20,no
113,4ccd93e5-de90-4d8f-9663-66640d2ccdf9,RECSSNBER-22,65,2022-07-19T19:11:52.836243Z,81,19,no
114,2a3c4371-1485-422c-b33a-2f9d5f5ce113,RECSSNBER-22,35,2022-07-19T19:11:52.836243Z,80,20,no
115,01f015cc-fb10-47aa-89f1-ccf40cae62c3,RECSSNBER-22,14,2022-07-19T15:06:16.149464Z,81,19,no
116,dd45c9ca-ed7e-480c-9d0d-c046eaacecd7,RECSSNBER-22,157,2022-07-19T13:47:40.127018Z,81,19,no
117,4e436062-57be-4090-bdf2-4a1bd25c0363,RECSSNBER-22,103,2022-07-19T13:47:40.127018Z,81,19,no
118,f9e0b08a-2c55-4626-9eb5-0cf85e299f02,RECSSNBER-22,34,2022-07-18T18:53:51.166539Z,81,19,no
119,d5a81fb8-2857-40f0-baa5-add7fa291328,RECSSNBER-22,292,2022-07-18T18:53:51.166539Z,82,18,no
120,ce9d662c-5441-44bf-9a9d-19e3d6deaa99,RECSSNBER-22,74,2022-07-18T18:53:51.166539Z,81,19,no
121,b3dc0821-f012-41c6-a022-1da43e75818d,RECSSNBER-22,1,2022-07-18T17:06:21.574854Z,82,18,no
122,d99a7543-68e3-40b6-9fdf-5c5c818e9d83,RECSSNBER-22,15,2022-07-18T15:37:53.130448Z,82,18,no
123,b876bacd-ea70-41bb-b311-0e2035447954,RECSSNBER-22,333,2022-07-17T15:23:22.153508Z,86,14,yes
124,556fd4b8-0a62-48f6-a8b8-9bee7b9ccc4d,RECSSNBER-22,21,2022-07-17T15:23:22.153508Z,86,14,yes
125,85c36abd-b0ec-4e41-986f-4d02a0ff6f09,RECSSNBER-22,5,2022-07-17T01:40:25.716686Z,85,15,yes
126,47e17b72-b0b5-44b0-adfc-4ad4a2d7a212,RECSSNBER-22,1,2022-07-16T21:25:49.208148Z,82,18,no
127,accb8604-01d4-4d5c-b1de-080cdfdd6627,RECSSNBER-22,10,2022-07-16T18:24:31.299454Z,82,18,no
128,fa8dff19-f9f3-4a1c-b473-e6b0ef65638a,RECSSNBER-22,200,2022-07-16T03:42:36.120717Z,85,15,yes
129,c49b2eb2-b44e-4fc0-a4e2-952dc3ebf9ce,RECSSNBER-22,63,2022-07-15T12:42:07.546605Z,80,20,no
130,8e55a346-8af6-4b84-8368-90b74797fd94,RECSSNBER-22,217,2022-07-15T12:42:07.546605Z,80,20,no
131,7fa41bdc-ebcd-46bf-953f-7ab1d3bc6f69,RECSSNBER-22,259,2022-07-15T12:42:07.546605Z,79,21,no
132,71f88962-6d3d-4d23-874b-e5321851caed,RECSSNBER-22,205,2022-07-15T12:42:07.546605Z,81,19,no
133,815ffa0c-1d34-4efc-ba50-9e1ba51d8307,RECSSNBER-22,50,2022-07-14T18:57:39.167361Z,85,15,yes
134,64197012-7b89-4ea0-8932-4ac0c08be194,RECSSNBER-22,17,2022-07-14T15:39:31.23638Z,85,15,yes
135,8644be71-5992-42cd-9f1d-c660fd8a006d,RECSSNBER-22,105,2022-07-14T14:20:28.684621Z,85,15,yes
136,e2e3c125-8d2c-48c1-9df7-f40bad3c9dce,RECSSNBER-22,20,2022-07-14T01:45:15.186768Z,81,19,no
137,d0c1346b-86f9-429b-b14f-c0d074a7e9d5,RECSSNBER-22,4,2022-07-13T22:46:32.02065Z,80,20,yes
138,cb74edf4-b6a0-4a7c-9453-62c2cd58f3d6,RECSSNBER-22,319,2022-07-13T22:46:32.02065Z,85,15,yes
139,c026c6d2-82a7-4a94-a0bb-48675012a82a,RECSSNBER-22,51,2022-07-13T22:46:32.02065Z,84,16,yes
140,72e659b6-d189-43c0-b773-dddb298bf250,RECSSNBER-22,332,2022-07-13T22:46:32.02065Z,86,14,yes
141,618ef7b0-5c35-47fd-a0b3-e6c2760840ce,RECSSNBER-22,244,2022-07-13T22:46:32.02065Z,84,16,yes
142,6788076e-3b6e-475b-ae06-bfb3e0db21d5,RECSSNBER-22,2,2022-07-13T21:20:49.65409Z,80,20,yes
143,44ed240b-433a-44af-bd36-7b4a3a6b1af3,RECSSNBER-22,198,2022-07-13T21:01:14.38984Z,80,20,no
144,31a0f125-3f7c-4345-abc1-6d83d8d8cc7f,RECSSNBER-22,1,2022-07-13T02:11:38.08627Z,84,16,yes
145,6169db65-5605-4815-b847-d699cba588d3,RECSSNBER-22,20,2022-07-12T18:56:10.098476Z,84,16,yes
146,01eb91e9-9c2d-416a-9100-888989ebea83,RECSSNBER-22,1,2022-07-12T18:14:35.0194Z,84,16,yes
147,d20aaaf4-8d84-4939-a1c5-1488d7d237fb,RECSSNBER-22,26,2022-07-11T16:45:12.847607Z,85,15,yes
148,764eb4ad-d963-411e-a8ef-b38c6af602df,RECSSNBER-22,24,2022-07-11T16:44:48.160292Z,84,16,yes
149,9f358b74-cf7a-42b3-a0fe-30f5c9093fe3,RECSSNBER-22,100,2022-07-11T16:44:37.474196Z,84,16,yes
150,c8d9b49a-3041-43a6-bc6f-6fb5695880e4,RECSSNBER-22,100,2022-07-11T16:44:10.668128Z,84,16,yes
151,dbe8b626-c8d5-4b98-837a-c8cf3d24c0d8,RECSSNBER-22,50,2022-07-11T15:51:30.812766Z,83,17,no
152,5e2113cb-8fbd-4b51-a93c-8a5161d2489a,RECSSNBER-22,5,2022-07-11T15:51:30.812766Z,81,19,no
153,1d547ef2-4168-4eb2-a5f7-dd00e3533c75,RECSSNBER-22,10,2022-07-11T14:02:19.325226Z,82,18,yes
154,e61a1e1c-8be7-4501-9cbc-c58202eec52b,RECSSNBER-22,400,2022-07-09T13:10:37.472746Z,81,19,no
155,92ba4284-bf85-4c40-b34e-310e9c54b442,RECSSNBER-22,249,2022-07-08T19:51:45.027914Z,81,19,no
156,98093b9c-2756-4337-bf2e-115ce6160b40,RECSSNBER-22,28,2022-07-08T16:01:17.66657Z,83,17,no
157,48472396-962e-492d-b6a1-a7678434715f,RECSSNBER-22,5,2022-07-08T15:37:50.02632Z,83,17,no
158,016dfe3e-dd24-4929-9eb8-7f0ea942e7c0,RECSSNBER-22,95,2022-07-08T15:37:50.02632Z,83,17,no
159,4cf31310-df06-4e8a-acf6-0fcc3cf38c5c,RECSSNBER-22,30,2022-07-08T15:35:14.501286Z,87,13,yes
160,c0f4bc6e-6900-4d84-9457-ee6fcc2e9a20,RECSSNBER-22,5,2022-07-08T13:12:44.393009Z,87,13,yes
161,a73e0108-4d09-4b67-95e6-b9547eca2823,RECSSNBER-22,1,2022-07-07T20:07:51.618892Z,84,16,yes
162,cf084b51-2577-4c58-a013-95284906c033,RECSSNBER-22,6,2022-07-07T15:38:42.238492Z,81,19,no
163,a6cfb3ff-da41-4af2-8bc9-cbba81ecef34,RECSSNBER-22,4,2022-07-07T15:38:42.238492Z,82,18,no
164,f32d6f67-ebfc-42cb-a8d7-663d364f7156,RECSSNBER-22,303,2022-07-07T14:59:01.870088Z,83,17,yes
165,34e5838f-3878-4833-aa14-92e046a95a61,RECSSNBER-22,276,2022-07-07T12:17:42.125928Z,82,18,no
166,24c1d3de-165f-4c9b-aa3e-d19bab764706,RECSSNBER-22,283,2022-07-07T12:17:42.085497Z,82,18,no
167,4aaa59e7-e09b-4917-afc2-9cf5717613e1,RECSSNBER-22,103,2022-07-07T12:17:42.054623Z,82,18,no
168,ff353517-1944-4e40-8009-b9c52b8919bd,RECSSNBER-22,1,2022-07-07T02:55:48.466091Z,83,17,yes
169,8376dabe-cda2-49a8-b98a-383f7eb26850,RECSSNBER-22,100,2022-07-07T00:30:34.083081Z,76,24,no
170,5d0eb271-9da6-4aec-ac8b-9a0485e43aa0,RECSSNBER-22,217,2022-07-07T00:27:40.44549Z,78,22,no
171,4361bf24-355e-4f96-85db-715c676741ad,RECSSNBER-22,236,2022-07-07T00:27:40.44549Z,77,23,no
172,2803a852-01fd-4f45-ad1d-2120314f89e7,RECSSNBER-22,47,2022-07-07T00:27:40.44549Z,76,24,no
173,0aa0336f-c3f9-473d-92db-3ec209612269,RECSSNBER-22,50,2022-07-06T23:30:28.48515Z,81,19,no
174,6d779c10-ba07-4f64-9f67-73b11e9f86ac,RECSSNBER-22,10,2022-07-06T19:21:17.136296Z,83,17,yes
175,5e607a5e-b0d2-41d6-9c0a-081822b58834,RECSSNBER-22,5,2022-07-06T18:33:58.096345Z,83,17,yes
176,e9d70fe7-a817-45f6-92de-8ff160642fb2,RECSSNBER-22,4,2022-07-06T15:07:40.528328Z,81,19,yes
177,f6752eef-663f-4bdb-8ecb-d1bed0e82faf,RECSSNBER-22,4,2022-07-06T12:16:24.157652Z,82,18,yes
178,f407a1d9-382c-41ac-8695-21b9ef40d962,RECSSNBER-22,264,2022-07-05T16:08:59.887337Z,82,18,yes
179,e5d8d9cb-c783-4777-8244-70827ff2938b,RECSSNBER-22,245,2022-07-05T15:49:20.365157Z,78,22,no
180,72ddc95c-959e-4580-88d3-d13c64a52c0a,RECSSNBER-22,254,2022-07-05T15:49:11.734588Z,79,21,no
181,d87f593d-7b99-4f36-875a-a847d9fccf36,RECSSNBER-22,259,2022-07-05T15:48:59.288797Z,80,20,no
182,8c2c1e91-f760-4f84-b15a-f884847983c4,RECSSNBER-22,4,2022-07-05T15:48:59.288797Z,81,19,no
183,8f2e5172-4e73-46ea-aa40-5f43f6094f6b,RECSSNBER-22,10,2022-07-04T17:28:46.301612Z,84,16,yes
184,bca02efb-881e-4e78-901d-cd188d1d594e,RECSSNBER-22,42,2022-07-04T15:06:33.04788Z,83,17,no
185,9b2d1d85-d499-468b-8ef3-f45850d288c4,RECSSNBER-22,276,2022-07-04T15:06:33.04788Z,81,19,no
186,99d5a8fe-3055-4f12-b055-8896b6d971dc,RECSSNBER-22,297,2022-07-04T15:06:33.04788Z,82,18,no
187,973f5543-ac76-4e11-a5f9-10a0f4ac2355,RECSSNBER-22,165,2022-07-04T15:06:33.04788Z,83,17,no
188,59008e9e-50f7-42f6-aa86-c699bf9f03df,RECSSNBER-22,1,2022-07-03T16:17:49.25724Z,87,13,yes
189,5c380853-7bed-4063-8d36-9dd0ee54a74e,RECSSNBER-22,20,2022-07-02T23:08:20.001114Z,87,13,yes
190,50145955-6b30-4b28-bb89-4a6ec3637b1b,RECSSNBER-22,40,2022-07-02T22:55:46.598388Z,87,13,yes
191,6edf4bde-08a8-4f2b-a250-6bfb3043be93,RECSSNBER-22,5,2022-07-02T03:51:42.16767Z,87,13,yes
192,1af60057-9e46-46bd-8cdb-160bb738c102,RECSSNBER-22,10,2022-07-01T17:01:02.453115Z,74,26,yes
193,888c6ec9-f9f0-439a-8f71-51ea6c5dc9cd,RECSSNBER-22,43,2022-07-01T15:47:36.886098Z,73,27,yes
194,05240c7f-1b3b-43d6-bbf8-cfb36ade0cb6,RECSSNBER-23,26,2023-12-21T18:54:59.226046Z,1,99,yes
195,bda1071f-a7bb-44be-8edb-0191a7270b77,RECSSNBER-23,40,2023-12-20T15:26:18.342938Z,1,99,yes
196,fc70f23e-5dc9-4e3d-8b97-d93b2ed4c209,RECSSNBER-23,411,2023-12-19T02:18:06.160625Z,1,99,yes
197,f8af7c7b-094b-4426-83d2-3326064731a4,RECSSNBER-23,56,2023-12-19T02:18:06.160625Z,1,99,yes
198,329f71fd-b08f-4fe1-a595-5fd556dac984,RECSSNBER-23,14,2023-12-13T19:45:38.584954Z,1,99,yes
199,3fb8a6c3-7886-4bb9-bf9d-27d52f921b85,RECSSNBER-23,1,2023-11-24T16:45:08.728425Z,1,99,no
200,c0b61b90-3518-438d-ab70-07afd5369853,RECSSNBER-23,19,2023-11-22T01:55:53.248887Z,1,99,no
201,cca0ada0-94e7-4373-9a16-d922c690bca8,RECSSNBER-23,3676,2023-11-17T19:43:13.769153Z,1,99,no
202,3467cc65-fc3e-403b-9125-8bbc85a1f53e,RECSSNBER-23,500,2023-11-17T19:43:13.769153Z,1,99,no
203,2b61c2b1-3ae6-4622-9862-52ec70047f80,RECSSNBER-23,3,2023-11-15T16:12:25.291101Z,1,99,no
204,5eacd1cf-75fb-4d83-a33a-5c438f8161ed,RECSSNBER-23,1000,2023-11-01T17:47:57.487864Z,2,98,no
205,cecdf3d2-9fc0-472b-ba82-b78e54c0bca1,RECSSNBER-23,21,2023-10-25T16:37:47.055197Z,3,97,yes
206,cefe4b68-82f3-4818-bb5d-b85b60ba829c,RECSSNBER-23,3031,2023-10-25T14:22:09.583544Z,2,98,yes
207,ba146951-0fb2-4298-8de5-475f27d92682,RECSSNBER-23,10,2023-10-25T14:22:09.583544Z,2,98,yes
208,2f0602ff-96d4-455f-b704-aeb7916e268b,RECSSNBER-23,50,2023-10-21T18:40:15.932747Z,2,98,yes
209,8f1773a7-e282-473f-89e1-ec303a8418e4,RECSSNBER-23,1,2023-10-20T17:29:11.007555Z,2,98,yes
210,ce71cb76-61ac-4dba-9a84-87d3587136cb,RECSSNBER-23,280,2023-10-20T17:01:06.849602Z,2,98,yes
211,bd821fbb-b440-430e-bf5e-3bc4e979f421,RECSSNBER-23,187,2023-10-20T16:59:25.224371Z,2,98,yes
212,2ce67184-ebff-4d5d-ab93-7bbd51928308,RECSSNBER-23,233,2023-10-20T14:58:18.208577Z,2,98,yes
213,486896bd-74fb-4775-b961-353e71f26859,RECSSNBER-23,233,2023-10-20T14:48:21.334418Z,2,98,yes
214,72a186c3-bc0a-4b75-ada1-e44df57df6a4,RECSSNBER-23,46,2023-10-20T14:41:12.523167Z,2,98,yes
215,bd82c15e-abae-4237-9e63-d393df9be6eb,RECSSNBER-23,536,2023-10-19T03:08:16.272152Z,2,98,yes
216,81bf1432-bbfd-4ed6-8540-0bfd1729469f,RECSSNBER-23,1291,2023-10-18T13:40:35.784719Z,1,99,no
217,06b9aa62-034b-4551-b1f1-faeecaff28ad,RECSSNBER-23,303,2023-10-17T23:47:19.190501Z,2,98,yes
218,cf8fc3ea-03f5-444b-8d75-9672e51a8e0f,RECSSNBER-23,10,2023-10-17T15:31:53.428776Z,2,98,yes
219,8372c72e-f286-407d-bc3c-cde9128bbb18,RECSSNBER-23,90,2023-10-17T15:07:15.400669Z,2,98,yes
220,3c25c348-cf1d-44da-a4dd-0d837b12129b,RECSSNBER-23,12,2023-10-17T15:07:15.400669Z,2,98,yes
221,70037a95-a113-4975-b33a-96aa9140e79e,RECSSNBER-23,10,2023-10-16T14:44:34.248718Z,2,98,yes
222,4ff6b942-81cf-4de6-9b0f-503e34311a27,RECSSNBER-23,7,2023-10-12T18:01:07.326129Z,2,98,no
223,f16ec651-158b-46ab-8839-3f58ac3b93a5,RECSSNBER-23,54,2023-10-11T23:09:06.190708Z,3,97,yes
224,59aea30c-af0e-49f3-9cb2-3dc13aa5c85f,RECSSNBER-23,10,2023-10-10T15:57:07.729284Z,3,97,yes
225,d8b2a664-c01f-47ed-b76d-30643b1f6ff6,RECSSNBER-23,90,2023-10-06T12:47:34.880953Z,2,98,no
226,8c57e877-c441-46ae-a700-e3a618fd9a20,RECSSNBER-23,25,2023-09-27T17:04:19.647149Z,4,96,no
227,7d9b840b-9bc6-4586-a665-e727915e994f,RECSSNBER-23,1,2023-09-27T17:04:19.647149Z,3,97,no
228,9e1fbb55-71a0-44d9-9625-9b54ab85d57f,RECSSNBER-23,25,2023-09-26T17:20:31.705109Z,5,95,yes
229,2fae035d-3b67-4cf1-ad19-e39bd75e2710,RECSSNBER-23,50,2023-09-26T14:10:57.278076Z,5,95,yes
230,d14bde1c-b8eb-44c6-8ef2-97aaccdf0cec,RECSSNBER-23,99,2023-09-26T01:34:42.140826Z,3,97,no
231,1763dae2-8717-43e0-a04e-039e070fdc94,RECSSNBER-23,6,2023-09-26T01:33:59.964124Z,4,96,no
232,cfd32c31-c45e-45c6-9608-0c892b6a2c80,RECSSNBER-23,1,2023-09-25T15:16:19.343706Z,4,96,no
233,bdf4b945-2d35-4440-b1d1-b64a23d44d34,RECSSNBER-23,33,2023-09-24T18:40:57.37799Z,4,96,yes
234,a025e448-0507-4815-a5a2-5673308df1be,RECSSNBER-23,16,2023-09-23T22:30:44.639756Z,4,96,yes
235,14eaa8be-6da3-48bd-a62e-8ecae9b56289,RECSSNBER-23,1,2023-09-23T13:55:03.912863Z,4,96,yes
236,8ce773b4-c845-4e93-842f-84eb825cfc5a,RECSSNBER-23,250,2023-09-22T13:03:59.50144Z,5,95,yes
237,1bb23c7e-c121-440b-8dcc-9a5c6f22bf63,RECSSNBER-23,250,2023-09-22T13:03:59.50144Z,5,95,yes
238,86fa4a97-8b2e-487d-81bf-909bc5d7a105,RECSSNBER-23,3,2023-09-21T18:58:50.77221Z,2,98,no
239,bfe339b1-d0d4-4b31-b0c2-f3de5633dc45,RECSSNBER-23,43,2023-09-21T02:17:39.822233Z,5,95,yes
240,2d7f7558-d675-406f-8e2e-cc3dbd7ae15d,RECSSNBER-23,5,2023-09-21T02:17:39.822233Z,6,94,yes
241,a94b845c-27cf-4992-97bd-1e8b9b522cc0,RECSSNBER-23,24,2023-09-20T21:55:14.676236Z,4,96,yes
242,4572238e-19b6-469e-ba09-5c13cc760675,RECSSNBER-23,20,2023-09-20T21:55:14.676236Z,5,95,yes
243,40264502-28b1-4f66-b6fb-000943fc6d46,RECSSNBER-23,100,2023-09-20T21:55:14.676236Z,5,95,yes
244,1ee901d6-03c4-4ca0-8184-47217574f73e,RECSSNBER-23,25,2023-09-20T21:55:14.676236Z,5,95,yes
245,06a4b980-ceab-4604-a174-727192f5744f,RECSSNBER-23,23,2023-09-20T21:55:14.676236Z,5,95,yes
246,4c533753-bc35-4339-944a-b49497cac924,RECSSNBER-23,150,2023-09-20T19:43:03.566122Z,3,97,yes
247,2c83b15d-972a-4011-bd29-148f5cce8263,RECSSNBER-23,26,2023-09-13T23:15:56.413099Z,3,97,yes
248,6f3aafc6-502c-4d6c-b614-9dadfd266669,RECSSNBER-23,109,2023-09-13T16:25:10.532649Z,3,97,yes
249,d84b8551-b9b8-4591-aac5-6033954865eb,RECSSNBER-23,1,2023-09-08T12:56:59.3441Z,3,97,yes
250,d19afacc-5eed-4946-a7c2-311aff20b0bc,RECSSNBER-23,133,2023-09-06T16:02:25.09241Z,1,99,no
251,117311d0-9d5c-4a59-a01b-dfe2dd883a5f,RECSSNBER-23,21,2023-09-06T16:02:25.09241Z,2,98,no
252,6e440106-f1ff-4d1a-b0f0-fa082593d29c,RECSSNBER-23,50,2023-09-06T13:07:44.374472Z,3,97,yes
253,4d333b43-a654-4280-9554-791514e74185,RECSSNBER-23,1000,2023-09-06T03:23:36.421758Z,3,97,yes
254,0820611d-5a98-4fca-8816-942e8971b825,RECSSNBER-23,1122,2023-09-06T03:23:36.421758Z,3,97,yes
255,702c2dfe-fdfb-421f-9bc8-b5e70ed9415b,RECSSNBER-23,29,2023-09-04T15:05:08.425392Z,2,98,yes
256,91b7d63d-ead9-4734-8143-86f4e46bc52e,RECSSNBER-23,1,2023-09-02T19:56:32.125222Z,2,98,yes
257,fcaa57aa-38e2-496c-a38a-3e3299a3072a,RECSSNBER-23,15,2023-08-30T13:48:11.379416Z,2,98,yes
258,09878b75-db5c-4133-b649-7204034c6fcd,RECSSNBER-23,26,2023-08-30T12:34:37.417595Z,1,99,no
259,a61653fc-433c-4482-b3c6-864659802402,RECSSNBER-23,39,2023-08-30T12:34:14.142849Z,2,98,no
260,cce8695c-b576-4583-a9a0-69947243dc64,RECSSNBER-23,135,2023-08-26T19:32:00.74075Z,3,97,yes
261,8cb51970-7dae-4157-b645-8f2c8a66c40c,RECSSNBER-23,156,2023-08-25T00:16:11.282921Z,3,97,yes
262,0ed41d46-1e01-4798-a2a8-4413c6fd3711,RECSSNBER-23,156,2023-08-24T23:21:00.214703Z,3,97,yes
263,9f32fd6f-9c2f-4b19-bdd4-74e1dbac27f6,RECSSNBER-23,18,2023-08-23T23:34:06.41165Z,3,97,yes
264,3fe8611c-739b-460e-a70e-ba770517c156,RECSSNBER-23,100,2023-08-23T16:07:32.2861Z,3,97,yes
265,7945fb8f-4fef-46df-ae97-2ba477e0d748,RECSSNBER-23,30,2023-08-23T16:02:01.549797Z,2,98,no
266,08280e3f-ee41-4ed7-9a4d-518ab0c2ba09,RECSSNBER-23,20,2023-08-23T16:02:01.549797Z,1,99,no
267,fd5c25e5-39d0-4433-976b-8d10d54a6745,RECSSNBER-23,50,2023-08-23T15:58:17.764298Z,3,97,yes
268,0189eecb-1fbb-45ed-9219-d7e86dea27ad,RECSSNBER-23,50,2023-08-23T15:57:47.004967Z,3,97,yes
269,286c31c2-4eea-4fdd-ae4b-f2c56b718e76,RECSSNBER-23,50,2023-08-23T15:55:51.536481Z,3,97,yes
270,55139616-5752-4739-b5bc-0d29e5c09a94,RECSSNBER-23,5,2023-08-23T15:55:34.827616Z,3,97,yes
271,398c0de6-cd58-4357-922f-64a734c0f2cc,RECSSNBER-23,10,2023-08-23T15:55:16.831642Z,3,97,yes
272,eabf0879-692f-4319-a885-33d76d9f2a42,RECSSNBER-23,20,2023-08-23T15:53:35.583333Z,2,98,yes
273,24f59423-8465-4720-87ec-e4177163cf12,RECSSNBER-23,25,2023-08-23T15:51:37.837496Z,2,98,yes
274,87664095-d309-40b5-a704-0cc5de05af27,RECSSNBER-23,50,2023-08-23T15:51:14.566304Z,2,98,yes
275,a18b7036-ad81-48e1-a2d1-2705ac82f0db,RECSSNBER-23,50,2023-08-23T15:51:02.408538Z,2,98,yes
276,eade3c0d-7d8a-45ef-bfbb-f95159692b40,RECSSNBER-23,25,2023-08-23T15:50:37.345484Z,2,98,yes
277,5a5ec474-d06d-478e-a880-496dcfa377fb,RECSSNBER-23,20,2023-08-23T15:49:46.0393Z,2,98,yes
278,266c8a67-e699-4a11-a157-fe312a2401ec,RECSSNBER-23,50,2023-08-23T15:48:58.745366Z,2,98,yes
279,c55be96a-df72-492b-9acf-f299f20dd29f,RECSSNBER-23,50,2023-08-23T15:48:23.114481Z,2,98,yes
280,6623133e-99c3-4895-aca3-ebb29fb067b3,RECSSNBER-23,50,2023-08-23T15:41:16.778643Z,2,98,yes
281,9abedf0d-5248-44f9-a527-33a9d80c0473,RECSSNBER-23,100,2023-08-22T23:16:34.455984Z,2,98,yes
282,8bf25188-6cb3-4580-8166-5b0bba95dc37,RECSSNBER-23,400,2023-08-22T01:07:31.548917Z,2,98,no
283,cbec3afd-cc08-4653-9b64-77a435799410,RECSSNBER-23,40,2023-08-21T12:23:50.656161Z,2,98,no
284,373454f1-efd0-4524-9feb-a6e681856d72,RECSSNBER-23,50,2023-08-17T20:38:16.12859Z,3,97,yes
285,abc82f0b-b634-4d29-bc28-2fc54712ca17,RECSSNBER-23,50,2023-08-17T15:07:46.787602Z,3,97,yes
286,f5d5a25b-c0c9-42c5-a692-525a91c3a50a,RECSSNBER-23,332,2023-08-16T19:43:43.972073Z,4,96,yes
287,9a57d254-7b02-428d-b4b1-38a2b4d30d8e,RECSSNBER-23,100,2023-08-16T19:38:14.855314Z,3,97,no
288,b0c81d3d-036b-401a-a7e8-04c60ce1e70f,RECSSNBER-23,68,2023-08-15T20:33:36.103411Z,3,97,no
289,87076b07-0481-4829-a3cb-d6cab9c08fe4,RECSSNBER-23,1,2023-08-15T20:33:36.103411Z,3,97,no
290,ddd2facf-e0c1-4b2f-80d5-294b13f6906c,RECSSNBER-23,68,2023-08-15T20:28:52.771475Z,3,97,no
291,9b69f144-39b6-440f-8346-d04386d2527b,RECSSNBER-23,1,2023-08-15T20:28:52.771475Z,3,97,no
292,d3d23efa-24ab-4194-b2d7-2d8d9eef4cd0,RECSSNBER-23,57,2023-08-15T18:43:16.70973Z,4,96,yes
293,9d1007cd-35af-4512-b939-44a057a9cfcc,RECSSNBER-23,19,2023-08-14T16:00:36.238503Z,3,97,no
294,604962bd-5084-4f26-a837-bf3b66ff956b,RECSSNBER-23,22,2023-08-11T19:22:06.428629Z,3,97,no
295,027699fa-d862-4aca-aff1-cda8abee6977,RECSSNBER-23,1,2023-08-11T19:22:06.428629Z,4,96,no
296,988a14c8-1f69-429f-bab0-673beb7450f1,RECSSNBER-23,93,2023-08-11T18:30:02.749421Z,5,95,yes
297,6f0bb77a-cb2f-4924-a0d8-943648ba3d62,RECSSNBER-23,79,2023-08-11T18:08:29.051777Z,4,96,no
298,da095147-5b95-4bde-9639-1c4478d26c60,RECSSNBER-23,10,2023-08-11T13:27:03.142948Z,4,96,no
299,88f9f5ad-764f-4e28-83de-9ffdd584820d,RECSSNBER-23,56,2023-08-11T13:27:03.142948Z,4,96,no
300,42073723-33ac-4560-b7b4-ef27ab1b4adb,RECSSNBER-23,14,2023-08-11T13:27:03.142948Z,4,96,no
301,0ea774f5-f901-459f-adde-dea2ff9a0209,RECSSNBER-23,20,2023-08-11T13:27:03.142948Z,4,96,no
302,290eb511-ea59-4f33-b3e6-1dfd3fe2b0ed,RECSSNBER-23,250,2023-08-11T12:41:26.310881Z,4,96,no
303,079bd02c-4fd9-4933-a5e6-384ce987c909,RECSSNBER-23,100,2023-08-11T01:37:41.11974Z,5,95,yes
304,3993e88d-20cd-4ef4-a7e2-947f27c6c488,RECSSNBER-23,1000,2023-08-10T22:03:15.309304Z,5,95,yes
305,98f1c514-abfe-41d9-8b66-be4682bee978,RECSSNBER-23,200,2023-08-10T18:38:38.616384Z,4,96,no
306,d01fecd5-3b11-472f-90ef-55fdb2b8406c,RECSSNBER-23,37,2023-08-09T19:50:53.498646Z,5,95,yes
307,e37f3aef-0616-41a0-8e98-dd20032f3a05,RECSSNBER-23,99,2023-08-09T18:21:39.883658Z,4,96,no
308,01518ee4-1475-4196-a7ee-1cc642634f8e,RECSSNBER-23,1,2023-08-09T18:21:39.883658Z,4,96,no
309,82ae70ee-02ff-4f89-bf52-2667ee1533f1,RECSSNBER-23,137,2023-08-09T18:12:40.925696Z,5,95,yes
310,90b67518-c997-4e5e-8421-609bebfcbd5c,RECSSNBER-23,489,2023-08-09T14:24:08.679711Z,4,96,no
311,c0a32685-850f-4694-862c-d3aad5a8b375,RECSSNBER-23,10,2023-08-09T14:14:37.365386Z,4,96,no
312,20351482-fe50-4b19-8dde-09deb75a4197,RECSSNBER-23,6,2023-08-09T14:06:52.623652Z,5,95,yes
313,79f4999e-4d69-4e69-9bc9-6ed48e513154,RECSSNBER-23,18,2023-08-08T21:44:42.982123Z,5,95,no
314,112a4f21-5e6a-4aeb-b928-d201787bd291,RECSSNBER-23,140,2023-08-08T21:44:42.982123Z,5,95,no
315,9de583ed-e30d-4d6b-b584-7a05eed8da36,RECSSNBER-23,360,2023-08-08T18:11:31.599496Z,5,95,no
316,0d02fc48-0247-459c-a601-8e1d4c32df78,RECSSNBER-23,287,2023-08-08T18:11:31.599496Z,5,95,no
317,a8cb8a17-bf73-4adf-aa83-7b36e075b2bb,RECSSNBER-23,40,2023-08-07T14:48:02.078314Z,7,93,yes
318,3da841b6-2bec-481d-9f4b-eb66c25138de,RECSSNBER-23,24,2023-08-06T21:16:19.942288Z,7,93,yes
319,6fe0fcbe-d9ec-436c-834f-52141635c1c2,RECSSNBER-23,12,2023-08-06T15:23:18.005372Z,5,95,no
320,8c7a71f3-fdb6-428e-9b42-1d08fe66fe51,RECSSNBER-23,5,2023-08-05T22:15:35.730621Z,7,93,yes
321,6e16eef2-b555-46fb-8291-010c0ef2a142,RECSSNBER-23,1,2023-08-05T19:37:45.403593Z,5,95,no
322,c2fc08ac-1834-45d0-b3fa-dd6b08bd854d,RECSSNBER-23,125,2023-08-05T17:48:51.592059Z,6,94,no
323,f7f9e45e-e722-4fe1-9b22-bc46d8068e8b,RECSSNBER-23,1000,2023-08-05T15:33:50.773501Z,6,94,no
324,904fc24c-c0a6-45a0-b6ec-5899365220cf,RECSSNBER-23,69,2023-08-05T15:33:50.773501Z,6,94,no
325,e39631be-932d-4106-995a-1274d22e83c8,RECSSNBER-23,16,2023-08-04T20:24:13.043705Z,6,94,no
326,7b2b7b16-1530-4001-b1a4-e5b6806ac304,RECSSNBER-23,100,2023-08-04T19:05:45.007822Z,6,94,no
327,2f753e5a-1838-46ca-b662-dfb25f0851dc,RECSSNBER-23,331,2023-08-04T19:03:29.877415Z,8,92,yes
328,0ac50ce6-8ece-488b-aa6e-5fb3f496d2a0,RECSSNBER-23,10,2023-08-04T19:03:29.877415Z,8,92,yes
329,973a3207-2322-4446-b2a3-183bf77afbf7,RECSSNBER-23,300,2023-08-04T18:36:33.739755Z,7,93,no
330,61bbab69-896a-4042-a4e4-a89a095031db,RECSSNBER-23,1000,2023-08-04T18:35:50.613294Z,7,93,no
331,5a64026c-a7d1-4f91-b8e7-4fe4173fa3ad,RECSSNBER-23,52,2023-08-03T12:30:25.506582Z,9,91,yes
332,ccecf77f-77bd-4993-b262-312b9be60c5d,RECSSNBER-23,44,2023-08-03T00:40:01.519757Z,9,91,yes
333,1484abca-eff3-4b36-b8ab-a6924973f11c,RECSSNBER-23,120,2023-08-02T20:43:22.725518Z,7,93,no
334,81b8ec55-a650-4485-b450-61e3bd502145,RECSSNBER-23,881,2023-08-02T19:33:38.84582Z,9,91,yes
335,bafdea7d-2953-49fd-9e35-ee446515cdd3,RECSSNBER-23,1000,2023-08-02T15:08:55.970518Z,8,92,no
336,20015657-7c8b-4b5b-8a90-9e907a25eafc,RECSSNBER-23,56,2023-08-02T12:26:44.57393Z,10,90,yes
337,c33ee520-a89e-453c-8ec6-3910d3ba2ca2,RECSSNBER-23,825,2023-08-02T12:20:15.575174Z,10,90,yes
338,5d530c8f-79f0-4389-ab46-fe859f08d930,RECSSNBER-23,100,2023-08-02T01:19:35.966224Z,8,92,no
339,1b6175ba-68c5-42f9-951f-559d3c28ec6b,RECSSNBER-23,10,2023-08-01T21:08:59.816377Z,11,89,yes
340,47f08a2e-b24d-496e-a500-034fc8840d8a,RECSSNBER-23,15,2023-08-01T20:46:22.784377Z,8,92,no
341,f8be7114-1168-4b2f-9c50-da0ce92b1d64,RECSSNBER-23,10,2023-08-01T19:11:28.663698Z,10,90,yes
342,5945931e-dee1-4488-aa3c-453f92925997,RECSSNBER-23,1299,2023-08-01T19:11:28.663698Z,11,89,yes
343,503e0ece-d889-4a75-a376-4cef1fa003c2,RECSSNBER-23,374,2023-08-01T19:11:28.663698Z,10,90,yes
344,86dc0866-1321-41dc-ad66-c9dcdf4d51d0,RECSSNBER-23,10,2023-08-01T19:01:23.080555Z,9,91,yes
345,7a2cdc68-509f-4ddc-b7dd-be26e5693b63,RECSSNBER-23,10,2023-08-01T16:47:55.876342Z,8,92,no
346,680f439d-4ec8-46c0-96b9-c8f3e38e0833,RECSSNBER-23,1,2023-07-31T17:48:03.617119Z,9,91,no
347,dcbebc1b-ff2f-436b-b43a-3c970dc82edb,RECSSNBER-23,10,2023-07-31T15:53:06.864003Z,9,91,no
348,231270b3-5b7b-4dd2-bc72-4986da31272b,RECSSNBER-23,100,2023-07-29T16:08:03.344174Z,10,90,no
349,f593ef40-022c-446e-b531-330681dfc9ce,RECSSNBER-23,100,2023-07-28T14:16:19.592024Z,10,90,no
350,a2fb7662-1640-4025-b5bd-b74389fa5c8b,RECSSNBER-23,1,2023-07-28T14:16:19.592024Z,10,90,no
351,6776613b-3872-485b-962c-60ec00ae6555,RECSSNBER-23,20,2023-07-28T14:16:19.592024Z,10,90,no
352,29a0a3be-07cc-4a48-8d62-5ecc44cbb000,RECSSNBER-23,1000,2023-07-28T14:16:19.592024Z,9,91,no
353,659ea0d8-c68e-436d-8112-40034f7dfda7,RECSSNBER-23,403,2023-07-27T22:08:03.435297Z,11,89,yes
354,1d672830-77b4-4a17-ba31-3221bc274a17,RECSSNBER-23,50,2023-07-27T19:42:55.806201Z,11,89,yes
355,0a928fe3-06ce-444f-8a16-f15ea62f670a,RECSSNBER-23,42,2023-07-27T17:19:46.802692Z,11,89,yes
356,1dc4c0f1-c6d6-4676-9d8f-24aa7ef03ea4,RECSSNBER-23,5,2023-07-27T16:13:36.256303Z,11,89,no
357,b7e5494d-9840-4468-8a18-63a17cc98204,RECSSNBER-23,351,2023-07-27T12:33:20.825081Z,13,87,no
358,4b9886dc-7366-4b7a-b2de-64aaf26fdcba,RECSSNBER-23,5,2023-07-27T03:43:03.541686Z,13,87,no
359,e9c90066-c246-41bd-a831-b4536e31ee82,RECSSNBER-23,32,2023-07-26T19:25:27.778285Z,13,87,no
360,123bfa91-4ca9-4c4d-ac24-43cc992ad832,RECSSNBER-23,2,2023-07-26T18:32:16.846114Z,13,87,no
361,73109a62-f59f-4063-95cf-2af02ea813a3,RECSSNBER-23,10,2023-07-26T17:59:19.980287Z,14,86,yes
362,f0863a3d-e16d-4580-8312-df01008f44be,RECSSNBER-23,10,2023-07-26T13:14:01.721816Z,16,84,yes
363,301b6dc8-0369-4120-a72d-87580fb1aac4,RECSSNBER-23,10,2023-07-26T13:14:01.721816Z,15,85,yes
364,7514b954-8f40-482a-bbcb-72221e954cf6,RECSSNBER-23,10,2023-07-26T13:00:28.57805Z,14,86,no
365,939e2b8b-a778-4bec-a850-fdbaa8808530,RECSSNBER-23,10,2023-07-25T01:24:25.958611Z,13,87,no
366,8fd06f69-e136-4b4c-9777-dcf1b6c4e003,RECSSNBER-23,1,2023-07-24T20:05:00.213333Z,14,86,no
367,86cc6c30-2946-45d5-9e58-0c1d2f3f2900,RECSSNBER-23,107,2023-07-20T02:43:06.951728Z,13,87,no
368,d36fe36b-0b39-4068-a986-20c22152efdb,RECSSNBER-23,55,2023-07-20T02:08:45.055012Z,17,83,yes
369,b2f67f39-a15f-4295-a07d-088e72bf9afb,RECSSNBER-23,25,2023-07-19T12:13:58.716872Z,17,83,yes
370,4e5daf24-ec79-4a52-9d6d-189ad9cf6cc9,RECSSNBER-23,75,2023-07-19T12:13:58.716872Z,15,85,yes
371,ec32bb28-c5b2-455f-873b-8c564fd8a129,RECSSNBER-23,100,2023-07-19T00:11:10.615681Z,15,85,yes
372,e3b86c81-c4ef-4565-ae76-c8f4dde5c786,RECSSNBER-23,20,2023-07-18T20:15:59.172447Z,13,87,no
373,80265ad4-b0a6-4043-ba7c-58dda66b9e12,RECSSNBER-23,560,2023-07-18T20:03:37.457209Z,15,85,no
374,18fc61a6-d238-4554-8194-64ac8bcef445,RECSSNBER-23,150,2023-07-18T15:09:57.629073Z,16,84,yes
375,0e0361d8-adbc-4651-a38f-db23208a4e3a,RECSSNBER-23,49,2023-07-18T15:09:57.629073Z,17,83,yes
376,a1e91e46-97d2-41ab-badb-1cfede37aa04,RECSSNBER-23,40,2023-07-18T01:27:58.356151Z,15,85,no
377,1466dc4e-56f9-424c-9d41-b9fdc67758b5,RECSSNBER-23,117,2023-07-17T22:17:58.989326Z,15,85,no
378,1264a53e-5a90-4fd2-b7fd-b1da1858a675,RECSSNBER-23,117,2023-07-17T22:16:07.370171Z,15,85,no
379,91d24048-848b-4672-ba6a-dc1ce53d412a,RECSSNBER-23,1,2023-07-17T15:38:05.867142Z,15,85,no
380,9df80542-1442-43f3-b217-71cdb2e3a499,RECSSNBER-23,165,2023-07-17T13:12:06.793869Z,15,85,yes
381,8dc507c1-2a92-461d-a71d-1564c24de63f,RECSSNBER-23,1,2023-07-16T21:42:14.036478Z,14,86,no
382,d423c276-b4af-4cda-8cd7-58c1611d1112,RECSSNBER-23,5,2023-07-16T13:43:42.615765Z,15,85,yes
383,f0330529-01d1-4ff6-8495-9f7ff112f280,RECSSNBER-23,8,2023-07-15T18:30:23.350233Z,14,86,yes
384,2854ba61-ad9a-475e-bb36-7882ba01e37a,RECSSNBER-23,160,2023-07-15T18:30:23.350233Z,14,86,yes
385,d72ce453-7124-4516-887a-ac2de9a22d67,RECSSNBER-23,18,2023-07-15T16:56:37.223561Z,13,87,no
386,3ad888a3-9857-4881-b011-da28b07d0221,RECSSNBER-23,20,2023-07-14T23:35:57.104873Z,15,85,yes
387,5bb300bb-5749-46ff-a169-8210ea4daead,RECSSNBER-23,10,2023-07-14T21:28:36.239712Z,14,86,no
388,aabecb4e-1569-4113-af38-98dd726da9ba,RECSSNBER-23,150,2023-07-13T20:46:36.046313Z,13,87,no
389,6c02ef46-91a7-4756-b792-74f576113f7b,RECSSNBER-23,26,2023-07-13T15:19:05.20464Z,14,86,no
390,c64090fd-fb5d-48f7-acb3-d77468bee378,RECSSNBER-23,50,2023-07-12T13:17:51.601218Z,14,86,no
391,173c1cd6-11d5-4f9a-a0c8-e19e02ba884b,RECSSNBER-23,5,2023-07-11T22:21:00.951104Z,14,86,no
392,0c1a14d6-4d68-442b-b597-a414c0ad2d68,RECSSNBER-23,10,2023-07-11T19:32:00.866008Z,14,86,no
393,50f9a892-5809-4945-a3ac-d567adc2e0a7,RECSSNBER-23,10,2023-07-11T19:31:14.231986Z,14,86,no
394,b0bff151-b1de-40b9-b145-ca4e30a6cd46,RECSSNBER-23,500,2023-07-10T23:49:32.215283Z,18,82,yes
395,83ae9600-4220-43cd-96d6-06882de22181,RECSSNBER-23,395,2023-07-10T23:04:57.523136Z,17,83,yes
396,48f96d93-d603-49b7-a73b-7b9a20125428,RECSSNBER-23,105,2023-07-10T23:04:57.523136Z,18,82,yes
397,99f3e99f-485e-4944-843b-d34e5488a18d,RECSSNBER-23,1,2023-07-10T17:25:03.102823Z,17,83,yes
398,73d6c70a-de4d-4663-a701-056790da8e71,RECSSNBER-23,12,2023-07-10T14:21:36.425448Z,17,83,yes
399,45c477a8-90f7-466e-8e35-1a1e0a3ec018,RECSSNBER-23,104,2023-07-10T14:21:36.425448Z,17,83,yes
400,a05b0d4e-556d-402c-ae1e-f9e6a7a5c27b,RECSSNBER-23,3,2023-07-07T20:20:50.942009Z,18,82,yes
401,4895ea26-c4e4-4a2e-84c8-24103b973dfc,RECSSNBER-23,10,2023-07-07T15:29:36.798029Z,18,82,yes
402,e197d0e9-7074-4631-9759-618de11ffbed,RECSSNBER-23,5,2023-07-07T14:44:24.380832Z,18,82,yes
403,efeb1924-d111-4310-8cc0-9fde2fc89ced,RECSSNBER-23,44,2023-07-07T12:59:38.327634Z,14,86,yes
404,5d8710e0-5557-4ed9-bada-dc8c10c7095d,RECSSNBER-23,131,2023-07-07T12:59:38.327634Z,18,82,yes
405,def6df5b-4ed6-4f26-9b1c-7f89db22627c,RECSSNBER-23,15,2023-07-06T15:55:48.202985Z,18,82,yes
406,d9d056d2-a1b8-4925-aeab-996ad7d7f729,RECSSNBER-23,56,2023-07-06T15:22:00.491576Z,13,87,no
407,f993d0fb-b588-4707-8c8a-17097dbcffff,RECSSNBER-23,212,2023-07-06T13:43:14.165037Z,14,86,no
408,ea40bb6a-c79e-40c4-944d-883358034d0a,RECSSNBER-23,500,2023-07-06T13:43:14.165037Z,13,87,no
409,ca792108-abea-4d20-8997-01aa53b7aac3,RECSSNBER-23,1,2023-07-06T13:43:14.165037Z,13,87,no
410,a426fac9-d84a-4fb9-be4b-4b61750f3c05,RECSSNBER-23,100,2023-07-06T13:43:14.165037Z,13,87,no
411,72751017-8a30-46b1-81f6-38d76b68292f,RECSSNBER-23,99,2023-07-06T13:43:14.165037Z,15,85,no
412,19ed971f-0a9f-494c-82a4-7760b1ea4f37,RECSSNBER-23,698,2023-07-06T13:43:14.165037Z,13,87,no
413,178a38f9-019c-4829-a556-4a2911bae275,RECSSNBER-23,200,2023-07-06T13:43:14.165037Z,15,85,no
414,64fc11af-7583-458c-a474-0348cf5ddea7,RECSSNBER-23,1,2023-07-05T19:41:32.484518Z,15,85,no
415,eeeb25cb-d484-46f6-9ccb-c71ce887c006,RECSSNBER-23,800,2023-07-05T16:25:45.931981Z,18,82,yes
416,d5c7479f-f617-49b6-a04b-97b55d6b8baf,RECSSNBER-23,10,2023-07-05T16:25:45.931981Z,17,83,yes
417,ba733589-46f8-45e4-84d2-88cca15fcce5,RECSSNBER-23,1000,2023-07-05T16:25:45.931981Z,20,80,yes
418,7fbaf94e-985d-4560-b182-c9a43ce2d300,RECSSNBER-23,700,2023-07-04T13:10:01.407491Z,17,83,yes
419,20b8310b-fadd-496a-9313-1c3ba263fbe3,RECSSNBER-23,50,2023-07-04T12:26:41.601108Z,17,83,yes
420,d0daa4fd-8cc8-4c64-8b10-fb267bb63f8b,RECSSNBER-23,100,2023-07-04T12:26:15.540876Z,17,83,yes
421,9775510f-7d4f-44f5-b89f-88e178fab8c1,RECSSNBER-23,18,2023-07-03T23:01:14.139795Z,14,86,no
422,1c14c306-f65d-466c-8e77-bf896f4cee40,RECSSNBER-23,98,2023-07-03T23:01:14.139795Z,15,85,no
423,f2a23e80-71af-446f-8c12-918cb56c3dd1,RECSSNBER-23,1,2023-07-03T21:52:56.166803Z,15,85,no
424,0bde2b2b-3aa9-4327-87b6-7be706247291,RECSSNBER-23,10,2023-07-03T16:57:54.795296Z,17,83,yes
425,274ea880-63f7-4222-bff3-7392b33b0cb2,RECSSNBER-23,30,2023-07-03T15:54:46.480182Z,17,83,yes
426,7f3db552-64ef-4376-b22d-046b2aa7815b,RECSSNBER-23,200,2023-07-03T15:12:58.189578Z,16,84,yes
427,9fe1cac3-2cfd-4930-b001-c4b275f45c1b,RECSSNBER-23,230,2023-07-02T20:30:55.489524Z,16,84,yes
428,a47ea5cb-fc05-4aee-b6ca-385d8984e9ee,RECSSNBER-23,1,2023-07-02T20:21:43.685025Z,15,85,no
429,0d762b51-1c5a-41cd-b896-b6ccb373d879,RECSSNBER-23,11,2023-07-01T21:03:15.438355Z,14,86,no
430,230025dd-4222-41d7-8185-3bcd953b02e4,RECSSNBER-23,2,2023-06-30T22:34:34.745914Z,14,86,no
431,a2416ac6-dc64-48d5-bb36-a287fe7466eb,RECSSNBER-23,115,2023-06-30T20:54:03.643288Z,14,86,no
432,0cc4bbd2-742a-4b62-8621-da25562ddc7a,RECSSNBER-23,10,2023-06-30T20:43:53.179274Z,16,84,yes
433,8370a229-538f-4d85-a7bd-3ea27bbc03d8,RECSSNBER-23,100,2023-06-30T18:57:00.090203Z,18,82,no
434,d40e569d-d7ec-4a8b-a13a-3ad0f403e9fc,RECSSNBER-23,1,2023-06-30T18:57:00.073378Z,19,81,no
435,b116c8b8-8c0c-4250-9c3d-af74654214a9,RECSSNBER-23,16,2023-06-30T18:57:00.073378Z,21,79,no
436,b0e0a537-685e-49db-9ec9-e39c79b0749d,RECSSNBER-23,200,2023-06-30T18:57:00.073378Z,23,77,no
437,a38a260c-d588-4296-abd1-9e2758451859,RECSSNBER-23,1,2023-06-30T18:57:00.073378Z,22,78,no
438,ccf772c3-31d9-4cc5-a10b-b71470051a25,RECSSNBER-23,50,2023-06-29T15:20:25.32687Z,25,75,yes
439,d1fd1dfb-bfa8-4aa3-9bf8-f06b53787dea,RECSSNBER-23,400,2023-06-29T12:42:07.559905Z,25,75,no
440,b3f07c75-c60f-4e3d-9e00-133a4eae0363,RECSSNBER-23,313,2023-06-29T12:36:14.631587Z,26,74,no
441,4986c223-619d-45ee-965e-11bf7e7ddeac,RECSSNBER-23,23,2023-06-29T12:00:38.60183Z,27,73,yes
442,325f7f45-0013-4638-b095-af0f61775574,RECSSNBER-23,3,2023-06-28T17:36:20.361188Z,27,73,yes
443,fec336c8-fa6e-4241-ba5a-7d4c9cdcb2e9,RECSSNBER-23,100,2023-06-27T21:39:33.875144Z,27,73,yes
444,bf6d62bd-d515-41bc-a6b9-7daf84f1ce90,RECSSNBER-23,10,2023-06-27T18:50:36.300271Z,27,73,yes
445,4383ce85-5fe6-4267-b856-4a5f39defe92,RECSSNBER-23,90,2023-06-27T18:50:36.300271Z,27,73,yes
446,2652ac55-7acc-474f-b010-0d5681d9322f,RECSSNBER-23,400,2023-06-26T23:58:15.093545Z,26,74,no
447,a92aecb6-d454-49e3-b46f-812bb002e705,RECSSNBER-23,1,2023-06-26T22:15:46.783098Z,26,74,no
448,493bfb33-2b06-4def-82f7-1092efeaf91b,RECSSNBER-23,10,2023-06-26T13:13:54.338841Z,25,75,no
449,b4d5f783-f7fa-4926-8aff-2b45303b5b37,RECSSNBER-23,26,2023-06-25T23:47:47.461812Z,25,75,no
450,db28d6bb-f5e7-41d2-abc1-e27b6ec1d4e6,RECSSNBER-23,7,2023-06-25T19:29:58.641484Z,26,74,no
451,fba947ab-c190-4ff1-bfbf-f83000ce6aef,RECSSNBER-23,18,2023-06-25T18:06:23.824087Z,26,74,no
452,d25c0e1e-3b98-466d-aa2c-db476837ccdc,RECSSNBER-23,35,2023-06-25T18:06:23.824087Z,26,74,no
453,ad408fb7-7af5-4514-8886-3659094e8f9e,RECSSNBER-23,4,2023-06-25T17:38:12.334373Z,27,73,yes
454,791a11a6-859a-4485-a467-f1f12b3de112,RECSSNBER-23,85,2023-06-25T14:24:19.927263Z,26,74,no
455,3c33f3cc-1b5b-454e-89b2-533c7e5661d9,RECSSNBER-23,365,2023-06-25T14:24:19.927263Z,26,74,no
456,49f9cd52-5120-41c8-8599-0ea7c9965918,RECSSNBER-23,1,2023-06-24T16:12:30.28525Z,26,74,no
457,18659902-7c0b-4d58-91fb-56b540fc94b2,RECSSNBER-23,7,2023-06-23T22:25:09.933528Z,28,72,yes
458,9c6d2e6f-9a3e-4054-b5bd-ed102957017e,RECSSNBER-23,10,2023-06-23T19:51:44.697635Z,26,74,no
459,65943b2a-b776-44a1-8bc6-97519f51b31c,RECSSNBER-23,68,2023-06-23T18:09:49.755591Z,28,72,yes
460,cb368241-c921-4736-9b9b-e62d6992e409,RECSSNBER-23,199,2023-06-23T16:07:57.366487Z,26,74,no
461,dc1ad201-a148-4aac-b7f5-3afb19b96e10,RECSSNBER-23,313,2023-06-23T14:50:49.256207Z,27,73,no
462,cf17859e-ad7c-4f17-871d-5cc3d0c0e481,RECSSNBER-23,10,2023-06-23T13:41:57.912558Z,28,72,yes
463,22767101-95a0-4bba-b634-351d1ce046ce,RECSSNBER-23,13,2023-06-23T00:05:19.408607Z,27,73,no
464,565efb6d-2c67-4335-87b1-73b199b5f763,RECSSNBER-23,50,2023-06-22T17:20:24.919928Z,27,73,no
465,17111626-1d15-40b9-9f33-75bd5e2c9a69,RECSSNBER-23,5,2023-06-22T14:41:47.399173Z,27,73,no
466,e1aaa979-08c5-4f59-b6f3-0d9a8b543f1a,RECSSNBER-23,19,2023-06-22T14:31:01.765961Z,27,73,yes
467,be72f977-d168-4ab3-b876-71727b43e371,RECSSNBER-23,50,2023-06-22T14:31:01.765961Z,27,73,yes
468,c0d8e9ac-a96c-4768-abbc-674a765e0f6b,RECSSNBER-23,5,2023-06-22T12:34:04.761903Z,26,74,no
469,69315ac5-f880-496f-94ab-fa8969358391,RECSSNBER-23,1,2023-06-21T19:51:19.235333Z,27,73,yes
470,ec682a75-3ab6-4ad7-8160-7f09e2232b58,RECSSNBER-23,50,2023-06-21T16:29:58.245947Z,25,75,no
471,994a2c14-75a4-4b8e-abb9-ee8ac0a8d7f2,RECSSNBER-23,50,2023-06-21T15:16:52.135837Z,26,74,no
472,9bfb84e2-4d84-4aa3-a0c6-657fb39d488f,RECSSNBER-23,50,2023-06-21T15:09:29.451539Z,26,74,no
473,37738002-b4ec-42ef-8f02-37f6030eb679,RECSSNBER-23,50,2023-06-21T15:08:58.745351Z,26,74,no
474,6de5be10-9a91-486d-bc92-701c0e1a2c12,RECSSNBER-23,50,2023-06-21T15:07:42.697081Z,27,73,yes
475,6955b4cc-b867-4ba1-ac13-e7dc81f3e435,RECSSNBER-23,25,2023-06-21T14:54:13.144602Z,26,74,no
476,e5f004a0-d0df-4ddb-8a6c-e81e25e9106c,RECSSNBER-23,50,2023-06-21T14:49:02.956862Z,26,74,no
477,a2a8e6c1-918b-4e8a-90f4-9a722ab1eceb,RECSSNBER-23,25,2023-06-21T14:48:20.31017Z,27,73,yes
478,cd4f272f-4945-4244-9dd9-4581a22a96d4,RECSSNBER-23,25,2023-06-21T14:46:20.146378Z,27,73,yes
479,1c0a0b5c-24a3-4aed-a3bc-050d14d19e72,RECSSNBER-23,50,2023-06-21T14:45:43.160709Z,26,74,no
480,c7274439-a09c-4aac-9827-babc0eed7a04,RECSSNBER-23,20,2023-06-21T14:45:25.37459Z,26,74,no
481,0895c930-72ea-492b-8489-7aeb05a54f9b,RECSSNBER-23,50,2023-06-21T14:44:32.973454Z,26,74,no
482,72907b1e-5759-41a5-a1ff-e3729cfb2a9c,RECSSNBER-23,50,2023-06-21T14:43:55.753378Z,26,74,no
483,9254cd98-e50c-46d1-b805-ba9484ecae7b,RECSSNBER-23,50,2023-06-21T14:40:37.276317Z,26,74,no
484,21db1e87-1492-49de-9f2f-b653faad3d66,RECSSNBER-23,5,2023-06-21T14:40:36.927676Z,26,74,no
485,ddd2143e-9931-4cab-bb6d-4dae90aaf4f7,RECSSNBER-23,50,2023-06-21T14:40:13.992991Z,26,74,no
486,d277fb60-7239-421f-b614-10f7ad886382,RECSSNBER-23,50,2023-06-21T14:40:06.754243Z,26,74,no
487,ff6af6a3-8c7a-4c0a-a786-0b29dc7a9fa9,RECSSNBER-23,1,2023-06-21T14:39:24.881166Z,26,74,no
488,cccdea58-3b0c-419b-9d1f-4e0e4f3d758d,RECSSNBER-23,24,2023-06-21T14:39:24.881166Z,26,74,no
489,818b3368-8198-413a-af59-b59c6842ae77,RECSSNBER-23,50,2023-06-21T14:38:37.528073Z,27,73,no
490,f6668049-2a98-4130-a5c8-2660f496a7c0,RECSSNBER-23,306,2023-06-21T03:07:18.177483Z,27,73,no
491,e77b805e-4d90-417f-b807-d4ad1f8f49b5,RECSSNBER-23,94,2023-06-21T03:07:18.177483Z,28,72,no
492,78131ee2-7793-4ac6-83e2-caaf01086ed0,RECSSNBER-23,150,2023-06-20T21:23:36.074917Z,29,71,yes
493,10501792-30f3-42c1-95e6-6d0b0cfa70cd,RECSSNBER-23,6,2023-06-20T18:19:24.457266Z,28,72,yes
494,b89b403f-a54f-46b4-aa8d-7dddaa2f244b,RECSSNBER-23,15,2023-06-20T16:23:12.434263Z,27,73,no
495,28b10182-e011-44bc-8953-5aad27858a35,RECSSNBER-23,5,2023-06-19T23:12:36.89212Z,27,73,no
496,e8a87216-213c-4997-9bdd-ccedf69ba1e5,RECSSNBER-23,50,2023-06-19T20:52:12.367501Z,27,73,no
497,0e0f38ba-e6dc-404a-9652-723a07b25084,RECSSNBER-23,1,2023-06-19T20:00:12.445461Z,27,73,no
498,78ee1a8a-c28a-440f-b3ff-f153ba411929,RECSSNBER-23,10,2023-06-19T17:50:48.441817Z,27,73,no
499,f2f791a9-8590-49c7-b5ac-da95e401ac2c,RECSSNBER-23,119,2023-06-19T16:16:28.195194Z,28,72,no
500,0a4009ba-427c-4c0e-941e-87a31b9aad4a,RECSSNBER-23,1,2023-06-19T14:00:43.73515Z,28,72,no
501,ef3c9c41-b9de-4044-aa98-428314f77555,RECSSNBER-23,80,2023-06-19T02:25:20.810059Z,29,71,yes
502,b55d1571-924b-4a14-9f6f-5254705aa390,RECSSNBER-23,20,2023-06-18T13:29:12.286572Z,29,71,yes
503,025b0d2f-f7f4-4755-88e1-000f4a00e082,RECSSNBER-23,135,2023-06-17T13:03:42.654773Z,27,73,no
504,5ace8ece-972f-4aa4-9b09-8874a6f4da99,RECSSNBER-23,5,2023-06-17T02:56:04.092036Z,29,71,yes
505,cf0df50e-03bf-4aac-9935-622ce5901e62,RECSSNBER-23,13,2023-06-17T02:40:27.750917Z,27,73,no
506,ed509d41-de1a-456a-8ad5-7fb3d2ce01ee,RECSSNBER-23,5,2023-06-16T18:07:05.352073Z,27,73,no
507,600f6999-2586-4337-8ba4-8e36f905be56,RECSSNBER-23,20,2023-06-16T15:40:13.611041Z,27,73,no
508,be45de8e-c429-4744-8f3d-d674337b87c0,RECSSNBER-23,20,2023-06-16T15:39:55.08749Z,28,72,no
509,a9dc8721-6d71-4dff-9fbb-9827f1a08321,RECSSNBER-23,9,2023-06-15T22:57:48.612956Z,30,70,yes
510,1a5d550e-d935-4d8e-b2e6-e938026381de,RECSSNBER-23,75,2023-06-15T21:59:59.189124Z,29,71,yes
511,8ae1ea63-61c1-4eb2-8f63-b6ad9f7476ef,RECSSNBER-23,6,2023-06-15T20:07:13.475461Z,28,72,no
512,a8231830-9d5d-4deb-844c-a65c597c8544,RECSSNBER-23,100,2023-06-15T18:40:26.491349Z,30,70,yes
513,cc01e375-3ed7-402d-b962-0c6ede362fb5,RECSSNBER-23,4,2023-06-15T17:14:20.993285Z,28,72,no
514,1cc64437-feb4-4f67-8f6b-b9e1685e7ca9,RECSSNBER-23,20,2023-06-15T01:38:32.256293Z,28,72,no
515,3808d880-a1c8-45bb-9635-c471bbf07cd5,RECSSNBER-23,11,2023-06-14T23:24:39.176452Z,28,72,no
516,9b3a040e-67c3-483d-a8a7-ddbee946bef3,RECSSNBER-23,20,2023-06-14T22:54:31.429319Z,28,72,no
517,30a753b3-33eb-4a37-859a-2fc5c0d9fdff,RECSSNBER-23,25,2023-06-14T19:18:18.224387Z,28,72,no
518,a8224a42-fe05-4fdf-b1df-9baf75504a13,RECSSNBER-23,200,2023-06-14T18:56:55.405588Z,28,72,no
519,ad48e139-9644-4a7d-8adc-2dcf5f0f2c97,RECSSNBER-23,150,2023-06-14T18:33:59.616649Z,31,69,yes
520,65696465-8588-4166-b107-3c2efeb09dfe,RECSSNBER-23,150,2023-06-14T18:15:48.803431Z,28,72,no
521,b6898003-322a-4650-97f3-d49bd59e80ec,RECSSNBER-23,47,2023-06-14T16:16:40.899561Z,30,70,yes
522,3d1b322d-dd93-4d01-a6e6-bdbbda1d344c,RECSSNBER-23,100,2023-06-14T16:16:28.610788Z,30,70,yes
523,d58970a5-3ede-481c-a519-c4fba2c7171f,RECSSNBER-23,40,2023-06-14T15:12:35.817551Z,30,70,no
524,431532ad-8dbe-4559-9f94-79d7bc8d4f23,RECSSNBER-23,500,2023-06-14T15:12:35.817551Z,30,70,no
525,bd329ee3-2f4f-4410-82c3-edf7f2fc060e,RECSSNBER-23,4,2023-06-13T20:23:13.21849Z,31,69,no
526,9e437254-0fa2-4ebc-ae38-5846cd46ca5d,RECSSNBER-23,10,2023-06-13T19:36:26.525127Z,31,69,no
527,fb212353-2d88-4915-81ab-a72aa2900500,RECSSNBER-23,19,2023-06-13T16:45:28.946757Z,31,69,no
528,3f53003b-7267-4f2a-88b6-140bda2d4d18,RECSSNBER-23,1,2023-06-13T13:33:54.40801Z,31,69,no
529,8b0445ef-bb61-4689-a9b6-60d2ea216034,RECSSNBER-23,100,2023-06-13T13:12:09.454033Z,32,68,no
530,12117365-39e7-4d9a-952e-948bb7d43462,RECSSNBER-23,496,2023-06-13T02:20:05.918031Z,33,67,yes
531,9bd87abe-520e-4fd5-8ace-635160c0759c,RECSSNBER-23,48,2023-06-12T21:41:25.34528Z,32,68,no
532,f9f033d3-a5de-446b-b432-4dd7acce7f54,RECSSNBER-23,1,2023-06-12T18:22:20.416118Z,32,68,no
533,e85b0cd7-bb19-4ba0-89a6-470e08fc3b9f,RECSSNBER-23,300,2023-06-12T13:54:01.649528Z,32,68,no
534,343e6f78-de3f-48f9-ba59-664f78f5c82b,RECSSNBER-23,25,2023-06-11T17:48:18.4302Z,32,68,no
535,ed092fee-ab36-4e30-938b-9480cfe4996b,RECSSNBER-23,400,2023-06-10T15:47:26.139247Z,33,67,no
536,7f4e3007-861a-4a95-943e-9c6a7649e186,RECSSNBER-23,15,2023-06-08T15:24:48.465325Z,34,66,yes
537,6a8ed58b-d143-4717-aa59-5b61394d37a5,RECSSNBER-23,36,2023-06-07T17:44:32.766789Z,33,67,no
538,80693f65-4d05-4087-b019-79aa4a1344c2,RECSSNBER-23,1,2023-06-07T16:50:57.495097Z,33,67,no
539,a6e108c0-5ed1-4ddd-a2ed-00b160ce9229,RECSSNBER-23,118,2023-06-07T12:08:23.515515Z,33,67,no
540,673a1a19-e2e1-4e26-8413-1ae47b2a8734,RECSSNBER-23,200,2023-06-06T20:51:57.241693Z,34,66,no
541,40932f62-874f-4bef-9c39-4ef533a9c66a,RECSSNBER-23,45,2023-06-06T03:41:24.2283Z,34,66,no
542,56e4c148-92a9-4e74-a612-04ca2bdd647e,RECSSNBER-23,4,2023-06-05T21:11:19.952356Z,34,66,no
543,a51c91c5-7c45-4489-9bd3-0e7d8dc0a28a,RECSSNBER-23,73,2023-06-05T19:33:16.021099Z,34,66,no
544,288c833d-4f9f-4b23-b4d0-b55ed0d7369c,RECSSNBER-23,1,2023-06-05T16:49:51.126246Z,34,66,no
545,1871eaeb-b027-4939-b670-aa479e8e3be7,RECSSNBER-23,23,2023-06-05T15:15:13.887359Z,34,66,no
546,431aa6ac-a797-4d95-9c38-3ae1a30b3757,RECSSNBER-23,3,2023-06-05T14:07:37.26952Z,35,65,yes
547,ce904c05-d570-4b62-8d94-fb29d9dbd15d,RECSSNBER-23,150,2023-06-05T01:08:52.60508Z,35,65,yes
548,e5d04560-5347-4e5b-b5ed-929ed8256489,RECSSNBER-23,9,2023-06-03T17:48:33.784839Z,34,66,no
549,a207c555-72c6-4e63-bab2-d422de7ccb6f,RECSSNBER-23,1,2023-06-03T16:02:31.990332Z,35,65,yes
550,96a34d93-ee1e-4ed6-9d91-0622092fabc8,RECSSNBER-23,75,2023-06-03T01:44:22.724616Z,34,66,no
551,f77b2caa-108a-4857-9ddc-e30be6868116,RECSSNBER-23,100,2023-06-02T19:04:24.028982Z,34,66,no
552,8a598809-2886-4689-a5eb-852b58c9ccf8,RECSSNBER-23,10,2023-06-01T03:44:29.229832Z,37,63,yes
553,9c126a89-4289-4421-8ae5-6bca9b7aaecb,RECSSNBER-23,1,2023-06-01T02:27:52.998002Z,34,66,no
554,269923bc-ed91-4b6e-8192-16190ebb88ee,RECSSNBER-23,10,2023-05-29T18:37:49.217961Z,34,66,no
555,416a3590-cecd-4170-b086-0105b2a469dd,RECSSNBER-23,100,2023-05-28T01:11:09.814529Z,35,65,no
556,c2fd644b-f715-4f8a-ae46-c08df7a0f4d7,RECSSNBER-23,50,2023-05-27T20:38:09.946016Z,35,65,no
557,71b605de-8852-479d-8e78-a5e361a19f77,RECSSNBER-23,50,2023-05-27T20:20:39.813715Z,35,65,no
558,0991b836-c13b-4981-a368-6ac65f7061e1,RECSSNBER-23,280,2023-05-26T22:09:00.001437Z,35,65,no
559,725b2e4d-f9f6-4079-8575-c85af8887122,RECSSNBER-23,361,2023-05-26T12:49:15.238068Z,35,65,no
560,8cf2e521-65ea-4f49-8010-104f05eb56df,RECSSNBER-23,200,2023-05-26T12:34:20.179249Z,35,65,no
561,dd5c5790-2e68-489c-a6a6-6ba44102eca4,RECSSNBER-23,100,2023-05-26T01:58:36.402717Z,35,65,no
562,94ebd4db-3db1-4607-a50e-12db05e87197,RECSSNBER-23,1049,2023-05-25T20:24:56.190932Z,35,65,no
563,b75a58ab-b790-4b6e-bdae-867ca0074242,RECSSNBER-23,1,2023-05-25T20:24:02.04883Z,36,64,no
564,d3f2164a-05d9-4894-8993-4de1e5f94ba0,RECSSNBER-23,1,2023-05-24T19:03:25.589499Z,36,64,no
565,de4e0454-a5cd-4a7f-a320-cc99b1d8f893,RECSSNBER-23,1,2023-05-24T02:56:58.72407Z,36,64,no
566,8c3adb30-0e4a-4e1d-b386-036713f6b388,RECSSNBER-23,200,2023-05-23T15:52:38.141532Z,40,60,yes
567,96bb887e-a7a6-4472-aa9c-911a3f579ea5,RECSSNBER-23,100,2023-05-22T21:29:09.28547Z,40,60,yes
568,eaa38104-5cee-4f1e-aa59-935ec9b53968,RECSSNBER-23,140,2023-05-22T12:43:20.931658Z,40,60,yes
569,6d4f5b09-598c-4a42-83b1-8d46a042d16e,RECSSNBER-23,60,2023-05-22T12:43:20.931658Z,40,60,yes
570,2054a8fe-6aa5-4f32-b382-2c722fb2f071,RECSSNBER-23,10,2023-05-20T21:14:26.136156Z,40,60,yes
571,618e856b-8d58-4cd8-8eca-785f08010b74,RECSSNBER-23,40,2023-05-19T22:24:03.77218Z,40,60,yes
572,98ff2225-7ea9-4d8f-a537-342c2985ff27,RECSSNBER-23,23,2023-05-19T21:28:18.033409Z,40,60,yes
573,a3041702-22cb-423b-b5f6-fcb2d6f8052e,RECSSNBER-23,5,2023-05-19T17:32:35.330997Z,36,64,no
574,758dc3d1-91db-4f3e-b084-f6991329a197,RECSSNBER-23,4,2023-05-18T16:32:59.148832Z,36,64,no
575,5e38ad15-8e08-4f2f-b6b7-eb066ae90cf0,RECSSNBER-23,200,2023-05-18T03:33:26.324191Z,39,61,yes
576,abad19e1-a7f8-413f-8396-98207aef00e5,RECSSNBER-23,50,2023-05-18T03:29:18.9902Z,37,63,yes
577,a088cd57-05f3-4a57-8d66-61536d602b1a,RECSSNBER-23,267,2023-05-18T03:29:18.9902Z,37,63,yes
578,75b1a872-e4dc-470d-93cf-543ff3a7dfed,RECSSNBER-23,868,2023-05-18T03:29:18.9902Z,39,61,yes
579,40955f5e-2b95-43b7-b259-9ee687bad875,RECSSNBER-23,400,2023-05-18T03:29:18.9902Z,37,63,yes
580,5c9a0c40-c19c-4114-bd8a-3ecc890a25f7,RECSSNBER-23,86,2023-05-17T19:14:07.369951Z,36,64,no
581,62d13300-6f13-4e51-b34e-dbb289563c34,RECSSNBER-23,50,2023-05-17T15:14:49.371309Z,37,63,yes
582,5fb6deb0-23b1-4b0c-bcd9-946e9ff51625,RECSSNBER-23,200,2023-05-17T15:14:49.371309Z,37,63,yes
583,379bcbc4-717b-42f3-8ad4-b85f2619bafe,RECSSNBER-23,10,2023-05-17T15:07:02.480933Z,36,64,no
584,7e0c9988-fc3b-44bc-9578-42e2dd0bc8db,RECSSNBER-23,500,2023-05-17T01:37:59.278783Z,36,64,yes
585,2d5a7b3f-6a5e-42b1-9f86-12e261a857b1,RECSSNBER-23,500,2023-05-17T01:37:59.278783Z,36,64,yes
586,25aa8ef1-57f2-46bd-a9d6-80371edf0adc,RECSSNBER-23,100,2023-05-16T20:41:39.609377Z,36,64,yes
587,66be9766-08b7-4c5a-982c-868321c949da,RECSSNBER-23,1,2023-05-16T00:50:37.39419Z,35,65,no
588,3ca9a72e-c5ba-4dd1-981b-9a2ba3f50c5a,RECSSNBER-23,300,2023-05-15T22:37:09.298728Z,35,65,yes
589,23c63df0-5fc4-4e80-b257-6ffe59d10d64,RECSSNBER-23,30,2023-05-15T03:27:52.962765Z,34,66,no
590,89cb1cbb-b97c-483e-8a75-098339046ea4,RECSSNBER-23,200,2023-05-11T02:53:40.594156Z,35,65,yes
591,40534965-8215-4e68-ad27-8ba44ed687ca,RECSSNBER-23,34,2023-05-10T22:38:03.87715Z,35,65,yes
592,a74c6860-35e7-405f-8df2-c0ce7ba967c0,RECSSNBER-23,1,2023-05-09T01:37:02.410393Z,32,68,no
593,c3cdf004-5092-4e03-8e44-8af69d7356ec,RECSSNBER-23,149,2023-05-08T21:47:08.076869Z,33,67,yes
594,20a3ddf7-c772-4a11-9e4a-d8ee7f845818,RECSSNBER-23,50,2023-05-08T21:47:08.076869Z,33,67,yes
595,1238d72c-5467-49be-a135-b96f17ebf363,RECSSNBER-23,300,2023-05-08T21:47:08.076869Z,33,67,yes
596,02d692d2-c93c-40c3-8926-ba569a0507f0,RECSSNBER-23,250,2023-05-08T13:14:01.158041Z,33,67,yes
597,54c9a0e7-543e-4b98-b75a-b988bcb58c84,RECSSNBER-23,25,2023-05-05T19:50:40.350849Z,33,67,yes
598,d9ceb0df-d34c-4063-b47b-710e98ce4046,RECSSNBER-23,5,2023-05-05T15:47:08.643223Z,33,67,yes
599,e0471f2f-add3-4b8b-addb-b59038d83010,RECSSNBER-23,70,2023-05-05T15:27:26.090303Z,31,69,no
600,f021660a-069f-4eef-98a5-42080a1e27d3,RECSSNBER-23,2,2023-05-05T14:02:56.117117Z,33,67,yes
601,ea69922e-144d-4252-9b6b-33003fbc0977,RECSSNBER-23,108,2023-05-05T12:59:47.535903Z,33,67,no
602,91ee9371-1e02-4072-9797-0fda929bd1dc,RECSSNBER-23,366,2023-05-05T12:59:47.516476Z,34,66,no
603,dd5f2eff-1231-4211-94b1-2c842c7cfb43,RECSSNBER-23,69,2023-05-05T12:34:13.862271Z,34,66,no
604,97ca1cad-ec40-4fcd-ba6f-b61bc539a24e,RECSSNBER-23,85,2023-05-05T12:34:00.262929Z,37,63,no
605,d13abcff-59eb-415f-aacd-53a1e9e7c74c,RECSSNBER-23,15,2023-05-04T14:30:05.021923Z,37,63,yes
606,6d9a3959-4b85-409a-962c-e8878267e157,RECSSNBER-23,25,2023-05-03T23:16:51.451335Z,37,63,yes
607,bf8d548f-b3bd-4ce0-b73d-3518feb47eb3,RECSSNBER-23,50,2023-05-02T13:42:58.315199Z,37,63,yes
608,b298e568-215d-461f-95a8-bf4460b443e6,RECSSNBER-23,10,2023-05-02T13:42:39.045289Z,35,65,yes
609,0231a866-211d-4dcc-a6c3-93d0abc57325,RECSSNBER-23,1,2023-05-02T00:47:31.188374Z,34,66,no
610,24683d31-b5cd-4898-8818-6754cacfedd7,RECSSNBER-23,61,2023-05-01T20:09:59.937866Z,34,66,no
611,e36f6435-3c70-4e73-8d0b-98e537cc07b6,RECSSNBER-23,38,2023-05-01T20:09:44.588742Z,36,64,no
612,8db08b9b-27a5-4053-8edf-eaa8fc7994c9,RECSSNBER-23,2,2023-05-01T14:02:52.867243Z,36,64,no
613,a981d0f3-07e8-41c4-8103-d20dc3d5ece0,RECSSNBER-23,60,2023-04-28T15:51:17.460059Z,36,64,yes
614,4895524e-9cd1-458b-a782-3ff9d5cd5251,RECSSNBER-23,2,2023-04-28T15:37:58.598811Z,34,66,no
615,e0c89a7a-a72f-4709-8613-8cc53858e1e2,RECSSNBER-23,50,2023-04-28T14:47:39.871706Z,36,64,yes
616,fed9de0a-f5ee-4ace-b9ed-1faacbd9770c,RECSSNBER-23,1,2023-04-27T23:20:40.074653Z,34,66,no
617,7a534ff8-4d6f-4e42-ac37-51b3887bd5f3,RECSSNBER-23,14,2023-04-27T15:58:10.268366Z,33,67,no
618,306856f4-1575-4a79-b6ed-59862837cded,RECSSNBER-23,78,2023-04-27T14:57:36.916412Z,35,65,yes
619,1a5e4e1d-1e46-4c48-86f3-1117ae926da2,RECSSNBER-23,4,2023-04-27T14:19:17.489705Z,32,68,no
620,3558f00b-a7f0-405e-9e28-384df31e6607,RECSSNBER-23,22,2023-04-27T13:52:03.608858Z,35,65,yes
621,9e14b322-92d9-4288-ab59-b1c411b1c844,RECSSNBER-23,28,2023-04-27T13:48:57.942628Z,34,66,yes
622,93adfb62-ec28-4dce-9507-2a9904e816bf,RECSSNBER-23,92,2023-04-27T13:09:12.457148Z,34,66,no
623,d3bb2f0d-82fe-415b-8475-786e0154f79d,RECSSNBER-23,100,2023-04-27T13:09:03.29812Z,34,66,no
624,ee382268-1a19-4416-ba61-5e7c59e7291b,RECSSNBER-23,3,2023-04-27T13:08:35.662739Z,38,62,no
625,385e0ad6-02b5-4e3f-a95c-6b4e834d65b9,RECSSNBER-23,4,2023-04-26T22:32:08.26136Z,44,56,yes
626,a4f8f632-02ee-4d2a-8474-cfdcc990e067,RECSSNBER-23,21,2023-04-26T19:18:41.967038Z,44,56,yes
627,d960ee42-ce12-46bf-a80d-7e84ba2be9ed,RECSSNBER-23,50,2023-04-26T16:30:10.687543Z,44,56,yes
628,0c3f01aa-d3f7-47aa-a30b-df84458b20bb,RECSSNBER-23,1,2023-04-25T18:50:31.51175Z,38,62,no
629,06098301-d077-4ef1-aa00-a91f62e235f7,RECSSNBER-23,109,2023-04-25T13:23:54.466145Z,44,56,yes
630,19bc418d-f6f7-45e5-bc52-c021f3dfbd4b,RECSSNBER-23,1,2023-04-18T21:32:47.856595Z,38,62,no
631,ee1b5b92-21c3-4f87-9eee-8bb912ed7c2c,RECSSNBER-23,5,2023-04-17T15:43:35.812645Z,38,62,no
632,5e1ffc12-af1e-49d7-a2ef-96cfed092b39,RECSSNBER-23,300,2023-04-14T18:40:37.201616Z,38,62,no
633,5135e980-d220-4cae-acbc-1e7b9b70b7c5,RECSSNBER-23,20,2023-04-14T18:40:37.201616Z,40,60,no
634,2672760e-f091-4535-ba20-a719f13d59bb,RECSSNBER-23,39,2023-04-14T18:40:37.201616Z,39,61,no
635,20c95d91-4b37-4c68-ba4a-96d3f296e14b,RECSSNBER-23,17,2023-04-14T18:40:37.201616Z,36,64,no
636,e3947175-d66e-4908-a10a-396064e24958,RECSSNBER-23,218,2023-04-13T17:43:54.663973Z,44,56,yes
637,8321a6a0-189b-45a6-8820-2f327458984d,RECSSNBER-23,71,2023-04-13T17:42:56.107601Z,44,56,yes
638,754869c2-d0f9-409e-b673-1426736d840e,RECSSNBER-23,10,2023-04-11T20:28:40.286641Z,39,61,no
639,f8e6d09f-0aad-4bb3-9601-7aaa013a1f6d,RECSSNBER-23,4,2023-04-11T15:30:12.938685Z,39,61,no
640,bbafec9e-dea0-4cbb-a5fc-60f0880d741b,RECSSNBER-23,16,2023-04-10T22:35:07.379755Z,39,61,no
641,1abc9061-fde5-48b6-9cc9-fa3bd7e99fe2,RECSSNBER-23,1,2023-04-10T19:41:43.96302Z,39,61,no
642,615bf870-32de-4275-aa37-c98a10ea88ad,RECSSNBER-23,29,2023-04-06T23:20:50.234017Z,39,61,no
643,a795eb2d-87f0-435f-89f7-1a468c2a1634,RECSSNBER-23,133,2023-04-06T23:19:25.768126Z,40,60,no
644,4ee92656-e16a-4333-8126-871fafea81f4,RECSSNBER-23,50,2023-04-05T16:42:01.988866Z,40,60,no
645,8079cc48-65ca-41c1-859c-5a3341e9ddda,RECSSNBER-23,50,2023-04-05T16:04:22.327821Z,44,56,yes
646,1c7e4068-5b15-4d66-ab58-55346a6dd2ad,RECSSNBER-23,117,2023-04-05T02:27:14.690413Z,40,60,no
647,f799ea22-7753-408f-95aa-944d159b2cd4,RECSSNBER-23,3,2023-04-05T02:26:32.228948Z,41,59,no
648,21dc938d-4d73-474c-9c1f-6a82357de156,RECSSNBER-23,30,2023-04-05T02:05:49.448665Z,41,59,no
649,4840b176-836a-42b8-af9f-31e460157000,RECSSNBER-23,1,2023-04-03T19:47:17.383624Z,39,61,no
650,000d3e92-3634-4fda-8e64-0e146fb79c1e,RECSSNBER-23,9,2023-04-01T13:15:46.662983Z,46,54,no
651,314efb49-aaa6-4082-b3cc-cb72997309e3,RECSSNBER-23,170,2023-04-01T03:29:46.521974Z,46,54,no
652,dd46792f-77ae-4e21-9ba4-a546373ef7ab,RECSSNBER-23,30,2023-03-31T19:08:37.008992Z,48,52,no
653,6decbe61-0800-4cd6-97e2-1daf830db6ab,RECSSNBER-23,70,2023-03-31T19:08:37.008992Z,46,54,no
654,98b515a8-373d-44ba-b276-4e78822df278,RECSSNBER-23,20,2023-03-30T17:25:33.086893Z,47,53,no
655,fef8d0fd-f7d9-43c9-ba1d-99ca5a88b917,RECSSNBER-23,274,2023-03-27T18:27:10.732771Z,47,53,no
656,eddf4f9a-fa93-4595-9683-d191cf29002b,RECSSNBER-23,17,2023-03-27T18:10:43.467548Z,49,51,yes
657,e98d732f-777d-4a4c-9968-2c231f156175,RECSSNBER-23,122,2023-03-27T18:10:43.467548Z,52,48,yes
658,e6db5584-eb22-438e-ad6f-8e4e2510090d,RECSSNBER-23,2,2023-03-27T18:10:43.467548Z,50,50,yes
659,a58e4ba3-76eb-465a-b6df-54736090b971,RECSSNBER-23,50,2023-03-27T18:10:43.467548Z,52,48,yes
660,38936e01-2ab8-42ac-9076-860ecc9c462c,RECSSNBER-23,9,2023-03-27T18:10:43.467548Z,49,51,yes
661,f065eb93-ce81-444f-a159-f15320a4d36a,RECSSNBER-23,66,2023-03-26T01:52:12.89904Z,48,52,no
662,53a9cf56-3ce2-4c2b-8096-f13ed709ba64,RECSSNBER-23,93,2023-03-26T01:52:12.89904Z,47,53,no
663,0612e1be-2b5b-4875-9ecd-ba8ff934ac36,RECSSNBER-23,4,2023-03-24T20:45:02.584324Z,49,51,yes
664,b45ccc44-41c6-4925-862a-d8407c162ef7,RECSSNBER-23,100,2023-03-24T20:12:00.205714Z,47,53,no
665,ac352b3b-4e9c-46df-ac05-babbaec57c3c,RECSSNBER-23,120,2023-03-24T19:24:11.402042Z,48,52,no
666,ee769dc0-c05a-488f-8e2e-f78e2bd302c0,RECSSNBER-23,50,2023-03-24T16:28:46.173053Z,48,52,no
667,ba574868-b7b5-4992-96d6-16dd75d7b4be,RECSSNBER-23,30,2023-03-24T16:21:53.868291Z,48,52,yes
668,384c5830-0d51-497d-a51e-fecb41fffaaf,RECSSNBER-23,2,2023-03-24T16:12:51.881144Z,47,53,no
669,e7b9f012-92d5-4f31-9697-9c07c683f3ea,RECSSNBER-23,35,2023-03-24T12:02:04.94431Z,46,54,yes
670,f93a0dc9-d3b4-49ac-8695-78eede585057,RECSSNBER-23,24,2023-03-23T15:39:14.294528Z,40,60,no
671,32929b74-b19d-4beb-ba1b-bc4f2104b132,RECSSNBER-23,6,2023-03-23T13:49:50.052325Z,44,56,yes
672,935d81ad-3237-4351-b7ee-b4ae55b4f9ed,RECSSNBER-23,17,2023-03-23T13:35:00.63811Z,44,56,yes
673,43cfa810-c7ad-47e9-812c-e0538a4435d3,RECSSNBER-23,32,2023-03-22T18:25:39.758846Z,44,56,yes
674,94de9356-e99e-4164-9d43-5c8196a27924,RECSSNBER-23,1,2023-03-21T02:51:57.417594Z,40,60,no
675,fad664a4-f4dc-48d6-bff4-e1a5537d35e3,RECSSNBER-23,2,2023-03-20T21:02:57.787349Z,44,56,yes
676,9028b1c8-148f-465b-a56e-1ebc19910fac,RECSSNBER-23,6,2023-03-20T18:21:08.703602Z,42,58,no
677,9f2c2da7-c0e7-4408-82b9-b5b71ae79659,RECSSNBER-23,3,2023-03-19T15:46:22.030237Z,42,58,no
678,881d9ed8-e39b-4757-83be-d57f98509caf,RECSSNBER-23,1,2023-03-19T15:32:43.861652Z,42,58,no
679,86a98f40-ede7-4d01-a912-de2455e94284,RECSSNBER-23,17,2023-03-16T19:18:24.160659Z,43,57,yes
680,1ac0968d-fc8e-49fd-86c1-96bfd790b373,RECSSNBER-23,8,2023-03-16T19:18:24.160659Z,43,57,yes
681,b6934430-6332-4974-bf5a-18e738bff3cd,RECSSNBER-23,10,2023-03-16T12:31:31.770633Z,42,58,no
682,f9a4dd42-7012-4ba7-833a-a59f6dc86cd6,RECSSNBER-23,15,2023-03-15T23:22:08.798661Z,43,57,yes
683,1aa09380-1b3a-4a67-9876-522326e3627b,RECSSNBER-23,11,2023-03-15T21:23:06.984043Z,43,57,yes
684,02597a70-89fd-451e-8c0b-dae5c968ca4d,RECSSNBER-23,20,2023-03-15T17:16:36.577741Z,43,57,yes
685,9d18bf79-e137-483b-9d6d-769c2006dd7d,RECSSNBER-23,8,2023-03-14T15:46:58.436854Z,39,61,yes
686,d4dca0bb-ae21-45da-bc2f-d4f5e0cd27f9,RECSSNBER-23,17,2023-03-14T13:42:12.032913Z,39,61,yes
687,fb799323-be45-4992-ae28-7439fdeb69a5,RECSSNBER-23,1,2023-03-13T16:04:04.171009Z,38,62,no
688,d3ef54f4-06cb-4e74-8b98-f564ad74f13c,RECSSNBER-23,100,2023-03-13T13:14:27.636551Z,44,56,yes
689,f0d20f47-02e3-4b14-b2a2-aa2c3d0c526c,RECSSNBER-23,200,2023-03-12T23:56:09.912023Z,38,62,no
690,3356d0a3-ff6e-4cfc-ab3c-349addf71a75,RECSSNBER-23,200,2023-03-12T23:55:45.060038Z,39,61,no
691,f97094d5-44f4-4ca8-bf5c-d542c9876107,RECSSNBER-23,10,2023-03-12T23:46:03.726602Z,44,56,yes
692,64617c50-4126-4204-923d-06b81d82312e,RECSSNBER-23,17,2023-03-12T22:04:37.456441Z,40,60,yes
693,fc47b6d4-5c08-4144-a0e0-c4f914742f49,RECSSNBER-23,1,2023-03-12T18:23:59.669064Z,44,56,yes
694,a35552e7-0c03-4b2f-87cb-4145ab817d09,RECSSNBER-23,25,2023-03-12T16:45:32.64842Z,43,57,yes
695,7918ae55-944e-4f88-8d1d-4c69863db74e,RECSSNBER-23,19,2023-03-12T16:45:32.64842Z,44,56,yes
696,02748c2d-20bd-47ba-87ca-b5a572760757,RECSSNBER-23,75,2023-03-10T17:35:28.728961Z,44,56,yes
697,31f06a54-37d9-4ea2-8c8e-19124dcb3671,RECSSNBER-23,176,2023-03-10T01:30:59.139566Z,44,56,no
698,17c01b59-990b-4822-be79-95d93101fb9d,RECSSNBER-23,100,2023-03-10T01:30:54.446367Z,44,56,yes
699,26427db2-2ddb-40bc-9a66-040511a6ca8b,RECSSNBER-23,43,2023-03-09T14:49:21.087918Z,44,56,yes
700,4c81cfa8-dbbe-48b0-b4b4-20b188aa2690,RECSSNBER-23,21,2023-03-09T14:46:17.082767Z,44,56,yes
701,0be17f76-643f-4289-b92d-048675c5f160,RECSSNBER-23,100,2023-03-08T19:18:41.537463Z,38,62,no
702,079d2b0d-c8ea-46de-be52-a66cdf512860,RECSSNBER-23,218,2023-03-08T03:06:12.584038Z,44,56,yes
703,196a6fed-436c-455c-96d5-0f256232c473,RECSSNBER-23,3,2023-03-08T01:19:13.288381Z,42,58,yes
704,0ac79b3f-a8f5-4cd6-8ad9-9ef58ab3d628,RECSSNBER-23,106,2023-03-08T01:19:13.288381Z,44,56,yes
705,cd7f4af6-9d64-447e-ad32-74d744212e37,RECSSNBER-23,47,2023-03-07T15:28:09.444738Z,42,58,yes
706,d4180ff2-bbad-4e04-a454-36bc11dbd940,RECSSNBER-23,1,2023-03-07T14:34:16.637688Z,40,60,no
707,a2802cf7-4bc6-4fdc-98c2-7a7faa8af218,RECSSNBER-23,70,2023-03-06T22:03:53.227833Z,40,60,no
708,68284d0e-19a8-4ed9-b1c8-f15a7e7285c6,RECSSNBER-23,50,2023-03-03T17:06:22.0481Z,39,61,no
709,a1d41a66-06c6-4b7c-a34b-2428501c8e12,RECSSNBER-23,100,2023-03-02T22:12:41.376869Z,38,62,yes
710,85ea4a34-5a65-4e7d-9963-82cb8c50626b,RECSSNBER-23,22,2023-03-02T22:12:41.376869Z,44,56,yes
711,8816001c-2c1b-4233-96c0-e861ad2773e9,RECSSNBER-23,300,2023-03-02T13:09:07.844961Z,38,62,no
712,601b5c9b-0ea7-48db-b971-5cb93976bb18,RECSSNBER-23,100,2023-03-01T21:35:33.669066Z,38,62,no
713,196ecc0c-5923-456c-a5d0-39650ac3bb2e,RECSSNBER-23,10,2023-03-01T18:17:25.888084Z,38,62,no
714,b4b27cd3-3c43-4f47-acb2-9fdea5bbecef,RECSSNBER-23,10,2023-03-01T04:36:43.706666Z,38,62,no
715,76d713ea-5859-4214-9f77-328de70d546e,RECSSNBER-23,10,2023-03-01T03:47:20.26222Z,38,62,no
716,722f6a67-ce31-46fe-b4df-5cb9ce0ddae7,RECSSNBER-23,78,2023-02-28T16:20:07.771047Z,38,62,no
717,ebf59809-1204-4970-bbe8-b93385565e8b,RECSSNBER-23,194,2023-02-28T01:50:00.438945Z,39,61,no
718,f6cd3ea8-7773-43bc-b0b7-d630c0f518c9,RECSSNBER-23,43,2023-02-27T14:39:51.94782Z,44,56,yes
719,aa9ccc3a-92d4-4edd-85f6-2ed5f180940a,RECSSNBER-23,200,2023-02-25T19:34:27.052829Z,39,61,no
720,d3be81f6-39ce-44ee-b93f-c116b7933bdd,RECSSNBER-23,1,2023-02-25T14:26:57.968102Z,36,64,no
721,b07041c7-0ebe-4908-bd02-8f3231701f83,RECSSNBER-23,5,2023-02-24T18:02:30.594435Z,45,55,yes
722,b8f70b76-f2bb-4581-bb2a-c1869f728fab,RECSSNBER-23,92,2023-02-23T15:04:38.602714Z,37,63,no
723,cde65ed5-511d-41dc-a178-129b1a82b996,RECSSNBER-23,100,2023-02-22T22:12:31.336208Z,36,64,no
724,aa3b1c03-1eac-4077-bff4-639b56a52afd,RECSSNBER-23,15,2023-02-22T18:02:31.863293Z,36,64,no
725,8e8f8457-8b16-4aaf-b4ba-7013b7a14afc,RECSSNBER-23,36,2023-02-22T16:10:52.568112Z,46,54,yes
726,a9e57cca-0ab4-4a2a-9e18-f3ec33ddc760,RECSSNBER-23,20,2023-02-22T16:10:46.998608Z,45,55,yes
727,18da156e-8cf3-487c-b03e-96f571df103e,RECSSNBER-23,223,2023-02-22T16:10:46.998608Z,45,55,yes
728,30da7930-ccfb-4180-b663-6590c015b06d,RECSSNBER-23,94,2023-02-22T16:10:38.59013Z,43,57,yes
729,b8679dff-77ce-493d-8c08-80f8c9dffd7f,RECSSNBER-23,7,2023-02-22T16:10:34.080948Z,40,60,yes
730,88ac0374-a4c9-4089-a752-1f1be0038118,RECSSNBER-23,1,2023-02-22T03:28:34.046459Z,36,64,no
731,4c47f4e0-edac-46c7-875a-0bc2fa639ea9,RECSSNBER-23,10,2023-02-21T19:24:44.516941Z,35,65,yes
732,10eb00f3-7d65-49d9-9ed4-6de748ecf1de,RECSSNBER-23,7,2023-02-21T19:24:00.860683Z,34,66,no
733,aec09609-1629-44b3-a0b4-74ca30013926,RECSSNBER-23,5,2023-02-18T23:08:58.002886Z,43,57,yes
734,32f9a37e-f4d9-4110-a4c1-43fd8d67cbbf,RECSSNBER-23,6,2023-02-18T23:08:58.002886Z,43,57,yes
735,a0fcf7ab-0abd-4912-931e-38f657817751,RECSSNBER-23,77,2023-02-17T16:25:37.462393Z,40,60,yes
736,4e7006c7-c6fd-4496-b2c0-381c8f090223,RECSSNBER-23,1,2023-02-17T14:53:47.023771Z,34,66,no
737,f04ddc19-1793-4c69-8562-fa67eb08adfe,RECSSNBER-23,1,2023-02-09T15:59:52.07247Z,45,55,yes
738,05698848-c13a-4b09-82d6-d88bc22325cd,RECSSNBER-23,10,2023-02-09T15:59:52.07247Z,49,51,yes
739,ab070106-bdc3-4d2c-a7d8-c842a5be2a3b,RECSSNBER-23,75,2023-02-09T15:56:58.787661Z,32,68,no
740,88f4f7fb-aaf5-4386-b069-07e2ade5e650,RECSSNBER-23,21,2023-02-09T15:53:22.574746Z,45,55,yes
741,af170ec1-ddcd-40c2-a20d-b5db9952a668,RECSSNBER-23,53,2023-02-09T15:52:40.636961Z,45,55,yes
742,5be04d81-9dcf-4ba2-b9b0-44fcd81574bf,RECSSNBER-23,182,2023-02-08T13:11:20.675115Z,48,52,yes
743,85044b42-bba1-4dfb-bfce-2b894a231de8,RECSSNBER-23,2,2023-02-08T13:11:16.812506Z,47,53,yes
744,833be80f-e55f-4a40-b8b9-59ed9614cdea,RECSSNBER-23,123,2023-02-08T13:11:16.812506Z,47,53,yes
745,7ac905cd-0637-48d6-b218-72b15a0e8bbf,RECSSNBER-23,1,2023-02-07T17:21:38.290289Z,32,68,no
746,4fbebd2f-19f0-4f88-93eb-3bf1a0d54fe2,RECSSNBER-23,71,2023-02-07T14:40:31.613385Z,32,68,no
747,19e058d8-4948-45ea-8d12-7f8c23d3e49d,RECSSNBER-23,1,2023-02-06T03:15:14.097683Z,47,53,yes
748,dbc4f2a3-6657-4fbf-a450-86bb7c2ced8d,RECSSNBER-23,29,2023-02-05T01:25:56.298684Z,32,68,no
749,30399bf5-0fa0-4163-9254-b7349a634cb8,RECSSNBER-23,149,2023-02-05T01:25:56.298684Z,31,69,no
750,fb920dca-a812-488f-b7df-b9aa9451a1fb,RECSSNBER-23,79,2023-02-04T13:51:14.075159Z,45,55,yes
751,d4d20ac9-61d7-41c4-acd8-77b4a39fef46,RECSSNBER-23,20,2023-02-04T13:51:14.075159Z,39,61,yes
752,cbda5276-578e-4fd4-a509-33049e98a319,RECSSNBER-23,200,2023-02-04T13:51:14.075159Z,37,63,yes
753,950bb4a0-29bc-4629-b998-6f58ff1a4132,RECSSNBER-23,1,2023-02-04T13:51:14.075159Z,37,63,yes
754,87b7b20f-e4f9-4718-b84f-9b73c832c07a,RECSSNBER-23,1,2023-02-04T13:51:14.075159Z,44,56,yes
755,3fc8afb0-d5d1-467f-8247-8b0db9a98a8e,RECSSNBER-23,100,2023-02-04T13:51:14.075159Z,38,62,yes
756,265ef81e-6560-45e6-b2d8-0329227c19c6,RECSSNBER-23,76,2023-02-04T13:51:14.075159Z,47,53,yes
757,ac200fce-e392-430e-b5e5-eaf743c93ac9,RECSSNBER-23,1,2023-02-02T17:16:12.971269Z,31,69,no
758,c79565ef-9c04-45ca-a029-05a82797b429,RECSSNBER-23,1,2023-02-02T17:15:46.244325Z,32,68,no
759,18470adc-4443-4f55-8fe9-5c2376d84d2e,RECSSNBER-23,1,2023-02-02T04:35:16.419134Z,37,63,yes
760,75f45dd2-849b-4b67-82cc-31bcdf44a881,RECSSNBER-23,1,2023-02-01T03:38:11.783847Z,31,69,no
761,6ed47fc7-aa10-473a-8683-4f321674f011,RECSSNBER-23,50,2023-02-01T01:41:57.524085Z,31,69,no
762,51339fff-39da-4805-877a-765631970cbc,RECSSNBER-23,97,2023-02-01T00:57:45.361537Z,31,69,no
763,454de62c-d4d1-4e76-aca7-8d794666e2a1,RECSSNBER-23,4,2023-01-31T23:26:59.80587Z,32,68,no
764,2b530b3b-4b87-49da-8c8f-a3b1b6a3d4eb,RECSSNBER-23,16,2023-01-31T23:26:59.80587Z,31,69,no
765,6ae63ff1-7ef0-4e3e-a942-d4befd085299,RECSSNBER-23,9,2023-01-29T01:02:43.292343Z,30,70,no
766,d777406d-8200-477f-9a63-142c7e7a7335,RECSSNBER-23,21,2023-01-28T22:50:30.550636Z,45,55,yes
767,ac981a37-e140-47cd-b2be-9d1edcd60e1c,RECSSNBER-23,1,2023-01-27T20:18:57.124015Z,27,73,no
768,c181f3d7-ebfa-4b10-8d92-4e45b19bdd1a,RECSSNBER-23,2,2023-01-27T01:55:08.905017Z,25,75,no
769,7fad5a31-9e8b-4a1e-bfd8-220e94c62fc5,RECSSNBER-23,42,2023-01-27T00:20:04.398602Z,24,76,yes
770,52479b21-a0ff-4995-98a1-fb7d87c1f8cb,RECSSNBER-23,1,2023-01-26T23:05:20.00726Z,24,76,yes
771,398f5f20-df85-4e0f-9811-39dc1d1fe5a1,RECSSNBER-23,67,2023-01-26T20:27:46.237491Z,24,76,yes
772,a07c25e2-4da4-4fdf-9645-38039ab98209,RECSSNBER-23,35,2023-01-26T19:03:52.024479Z,18,82,yes
773,d80e7c06-845e-42e7-a6bf-2fc846f07261,RECSSNBER-23,155,2023-01-26T18:55:40.673732Z,5,95,no
774,77ea5580-ca5e-46fa-a17e-895471d77a48,RECSSNBER-23,45,2023-01-26T18:55:40.673732Z,4,96,no
775,ea87e6b4-1759-4c36-80a8-ea3ea5571b86,RECSSNBER-23,100,2023-01-26T18:55:29.001422Z,6,94,no
776,d57a6d8a-4917-4c84-8687-51e6d196f530,RECSSNBER-23,4,2023-01-26T18:55:29.001422Z,5,95,no
777,9403e160-91a7-4184-bf54-67e422d7632c,RECSSNBER-23,1,2023-01-26T18:55:29.001422Z,20,80,no
778,46a5def7-46e8-42a0-8533-801f1e363a75,RECSSNBER-23,95,2023-01-26T18:55:29.001422Z,10,90,no
779,034fe6ac-4f93-4145-a8b8-fb4b78f5f973,RECSSNBER-23,5,2023-01-26T18:34:37.781Z,10,90,no
780,c148c0c6-2b78-4d37-814f-4b37931b618f,RECSSNBER-23,100,2023-01-26T18:18:52.81323Z,18,82,no
781,a0a4066e-aef2-4453-aaff-88834f05712e,RECSSNBER-23,30,2023-01-26T18:18:52.81323Z,32,68,no
782,6efb4eb2-8b8d-4899-b0ff-13bf2c7952d3,RECSSNBER-23,200,2023-01-26T18:18:52.81323Z,30,70,no
783,61a0134d-17f7-4530-9349-01c3bc3a61b4,RECSSNBER-23,10,2023-01-26T18:18:52.81323Z,30,70,no
784,5fb090bf-cf99-46e6-818c-8160f6650299,RECSSNBER-23,19,2023-01-26T18:18:52.81323Z,30,70,no
785,59522924-74e6-4078-a7ea-b3020e4cc681,RECSSNBER-23,502,2023-01-26T18:18:52.81323Z,3,97,no
786,40cbc895-3651-4043-8dad-3be4252d3c43,RECSSNBER-23,1,2023-01-26T18:18:52.81323Z,21,79,no
787,34b3d817-bc5b-48f7-be61-f5edf6956425,RECSSNBER-23,75,2023-01-26T18:18:52.81323Z,19,81,no
788,03259f0c-29b0-4822-8c52-4c5632377747,RECSSNBER-23,143,2023-01-26T18:18:35.916913Z,32,68,no
789,546f3be5-8864-4004-98ad-1042c8eee0ef,RECSSNBER-23,1,2023-01-26T01:16:38.766917Z,48,52,yes
790,640b8a05-ab7b-4862-ac12-cad90baff9ab,RECSSNBER-23,1,2023-01-26T01:15:18.837385Z,33,67,yes
791,2da950d8-c1f3-41b7-b2de-35a970cac03a,RECSSNBER-23,5,2023-01-25T23:45:06.014611Z,32,68,no
792,47986e71-935c-4999-bc13-ebc7e22f80eb,RECSSNBER-23,59,2023-01-25T20:11:06.450648Z,40,60,no
793,fa1fc6df-cae0-4691-a665-529d340e1498,RECSSNBER-23,33,2023-01-25T15:34:47.575342Z,48,52,yes
794,70e5ea40-38c8-4275-adb1-c31bd15e05f5,RECSSNBER-23,17,2023-01-25T15:34:47.575342Z,48,52,yes
795,837709f8-3816-4dae-9140-cddc0eaeaf64,RECSSNBER-23,2,2023-01-25T14:03:03.155921Z,40,60,no
796,46387152-0e4f-4ca5-93ab-60608521d0d6,RECSSNBER-23,82,2023-01-25T13:22:27.293782Z,40,60,no
797,2d8326df-78cf-49cd-9432-80212da37ed8,RECSSNBER-23,57,2023-01-25T03:39:51.691796Z,39,61,yes
798,f4f12b52-8ac8-4ba0-99d4-c18e20093b1a,RECSSNBER-23,1,2023-01-24T17:28:20.134252Z,30,70,no
799,6a464161-503d-4df6-81f5-f2d370e3825e,RECSSNBER-23,57,2023-01-24T14:55:24.609773Z,40,60,no
800,10f89580-875f-4cc3-b588-df6bfa87f363,RECSSNBER-23,60,2023-01-23T17:49:57.670701Z,41,59,yes
801,68326a81-18a2-49a7-a18f-9a78d5ac9844,RECSSNBER-23,8,2023-01-23T14:18:34.116513Z,40,60,no
802,224e68a4-39c7-444f-bff2-0e6f94357459,RECSSNBER-23,117,2023-01-22T23:30:28.501565Z,41,59,yes
803,48ae9f92-7cf7-49a7-9647-81cbd6e82160,RECSSNBER-23,14,2023-01-22T17:16:04.641775Z,40,60,no
804,4fa80677-3904-465d-b796-f104247a9b04,RECSSNBER-23,1,2023-01-22T16:38:45.405586Z,40,60,no
805,5f27ef68-43a5-4b09-8114-78c757cfab6a,RECSSNBER-23,199,2023-01-22T15:43:21.070459Z,42,58,no
806,35fd86f0-24e0-4ce7-b99e-2befb99f808a,RECSSNBER-23,100,2023-01-22T15:43:21.070459Z,41,59,no
807,7ac8556e-3dc7-4aa6-837d-e9e033a04fc3,RECSSNBER-23,100,2023-01-20T19:14:01.421272Z,48,52,yes
808,0a82f4b3-0598-4391-9496-dc0547c9581a,RECSSNBER-23,4,2023-01-20T14:53:23.04261Z,48,52,yes
809,f29262d3-ed4d-4cad-89a3-6f2e16b58538,RECSSNBER-23,1,2023-01-19T19:54:30.819954Z,42,58,no
810,b5beedef-ab58-4243-96bd-b9f227b7b30e,RECSSNBER-23,20,2023-01-18T21:49:35.611474Z,40,60,no
811,8459b347-a1e2-4148-a6d3-be0d4d2d8209,RECSSNBER-23,100,2023-01-18T21:48:21.942398Z,40,60,no
812,ec4a6835-9e56-4257-a4ff-b458b196993a,RECSSNBER-23,25,2023-01-18T21:25:44.3863Z,47,53,yes
813,db3dc5bf-7573-4618-bbe2-82a18c7f867f,RECSSNBER-23,2,2023-01-18T21:25:44.3863Z,47,53,yes
814,4e11c6df-8618-4272-b33d-2590dbcbfb87,RECSSNBER-23,5,2023-01-18T20:19:49.977275Z,35,65,no
815,d75398c6-6a53-4599-831e-cfd544cd1208,RECSSNBER-23,10,2023-01-18T20:19:38.483625Z,41,59,no
816,8a6a32c8-d8c0-48d9-b26c-d1ab275a0b45,RECSSNBER-23,15,2023-01-18T20:19:38.483625Z,40,60,no
817,ff17e316-80cb-4ea3-87a8-a43d75c47e39,RECSSNBER-23,1,2023-01-18T19:34:16.122695Z,45,55,yes
818,a072df62-b751-4b8b-aa67-3f3c8c30c825,RECSSNBER-23,16,2023-01-18T14:30:33.874044Z,40,60,no
819,63ef4f13-1be9-47ed-8719-77f2b8330359,RECSSNBER-23,100,2023-01-18T02:28:07.13262Z,40,60,no
820,05ea272d-89c7-46a1-8dac-5843025a5866,RECSSNBER-23,376,2023-01-17T16:30:44.468772Z,45,55,yes
821,1897fb1c-ebe8-4a61-8ee8-3c2349a43a38,RECSSNBER-23,32,2023-01-17T15:56:22.130727Z,45,55,yes
822,fc0cb575-d9c7-4af4-8a93-440159113bcf,RECSSNBER-23,10,2023-01-17T02:53:59.359718Z,44,56,no
823,b7377907-b24d-4014-aa5d-5b0465965774,RECSSNBER-23,21,2023-01-17T00:30:39.173399Z,45,55,yes
824,d90f7c27-c6cf-4d6a-acb7-2d63c33a4d19,RECSSNBER-23,30,2023-01-16T04:04:07.661587Z,42,58,no
825,4ba77048-e609-4de8-8a18-d2a8a39269d1,RECSSNBER-23,273,2023-01-16T04:04:07.661587Z,41,59,no
826,f52f1541-5057-49b0-b555-9425b150ce66,RECSSNBER-23,10,2023-01-15T23:20:27.784374Z,46,54,yes
827,d1c20700-5632-475b-b07e-f5d65f2b4d6d,RECSSNBER-23,100,2023-01-15T00:45:44.924095Z,41,59,no
828,b626e102-c59f-4f63-94e9-2561797ddb80,RECSSNBER-23,179,2023-01-14T21:16:33.50804Z,46,54,yes
829,2ac672a5-cc6b-4497-a5dc-6d6558039dcf,RECSSNBER-23,15,2023-01-14T21:16:33.50804Z,46,54,yes
830,0d8ea48e-d83c-4112-bd66-dcc1dd7d4892,RECSSNBER-23,15,2023-01-14T21:16:33.50804Z,45,55,yes
831,a388176e-7586-42c5-892d-2c0b25e9b437,RECSSNBER-23,10,2023-01-14T04:19:14.329982Z,41,59,no
832,9b0c1074-44fd-42d5-a01d-d4a4b22e3311,RECSSNBER-23,5,2023-01-14T04:19:14.329982Z,41,59,no
833,882ae8f6-cb2d-48d1-9762-508fd56e4e98,RECSSNBER-23,1,2023-01-14T04:19:14.329982Z,42,58,no
834,ae4a2544-8095-4247-bce0-47561f881582,RECSSNBER-23,10,2023-01-13T13:28:50.837834Z,45,55,yes
835,4fb75edf-b154-4054-bf2e-43021aabd430,RECSSNBER-23,686,2023-01-13T00:47:06.200115Z,43,57,no
836,79648803-5a4d-4758-98c3-f66775e1ff77,RECSSNBER-23,10,2023-01-13T00:46:21.272685Z,46,54,yes
837,dee0a502-50a2-4e8a-ac99-82007b5fb2a2,RECSSNBER-23,47,2023-01-13T00:45:38.905634Z,44,56,no
838,13f98374-f02a-4066-bdba-7da55e11f805,RECSSNBER-23,1,2023-01-12T17:22:19.508352Z,44,56,no
839,e442abcc-886c-4500-9b0f-9b20e9985967,RECSSNBER-23,2,2023-01-12T17:05:16.251033Z,44,56,no
840,f8bd1a58-a81a-4b10-a51c-da696a921cb2,RECSSNBER-23,100,2023-01-12T13:04:12.130902Z,48,52,yes
841,61ceabbf-7922-4c7e-84fe-2fa4a7e45289,RECSSNBER-23,63,2023-01-12T13:04:12.130902Z,48,52,yes
842,85364972-9011-4728-a95e-57f2e31384f8,RECSSNBER-23,250,2023-01-11T23:16:41.852366Z,44,56,no
843,ca600cd4-fd2e-454b-8303-d68d65f77c70,RECSSNBER-23,40,2023-01-11T22:28:02.778464Z,49,51,yes
844,5e2ce06d-0acd-464f-9891-b0a4b1fd607a,RECSSNBER-23,40,2023-01-11T22:28:02.778464Z,47,53,yes
845,b1e1080e-29e5-4749-8ae7-056841f163fb,RECSSNBER-23,10,2023-01-10T22:17:46.706021Z,47,53,yes
846,06009660-bb5f-416b-921a-b4b342540a27,RECSSNBER-23,5,2023-01-10T22:17:46.706021Z,46,54,yes
847,6e27a452-a8fc-4a5e-ad24-e4241132f51d,RECSSNBER-23,43,2023-01-10T21:10:28.672266Z,44,56,no
848,2314213c-31e0-4374-a373-6387beec7bc7,RECSSNBER-23,13,2023-01-10T16:28:59.970132Z,44,56,no
849,8999bdaa-a362-46e0-a113-a9b54571a0d7,RECSSNBER-23,75,2023-01-10T13:14:29.987963Z,44,56,no
850,38c4834b-69b3-49fb-b4a8-d43ccda99ac0,RECSSNBER-23,25,2023-01-10T13:14:29.987963Z,45,55,no
851,f0ad6796-04c2-4c62-9ca1-41dad39ff91f,RECSSNBER-23,159,2023-01-09T17:44:05.705976Z,45,55,no
852,621275b2-f289-4a4c-8fea-95c272c184ef,RECSSNBER-23,49,2023-01-08T15:45:04.008301Z,46,54,no
853,52d5c114-8e1c-4b06-b819-b23f11d86005,RECSSNBER-23,128,2023-01-08T15:45:04.008301Z,45,55,no
854,2d70fdef-3611-4d8c-b8e2-4424bc42e078,RECSSNBER-23,50,2023-01-07T01:55:09.801474Z,47,53,no
855,e2986730-071d-4945-ab49-86944922bd68,RECSSNBER-23,50,2023-01-06T19:58:37.276063Z,49,51,yes
856,c41194d3-b22f-45af-9ad7-a68c796cc10c,RECSSNBER-23,88,2023-01-06T19:52:44.336293Z,49,51,yes
857,e4ff1b51-87b8-4fd2-bc98-348cf5287c6a,RECSSNBER-23,118,2023-01-06T00:59:18.41928Z,49,51,yes
858,0a311fa4-c165-4945-92fe-8ffc915ecdbe,RECSSNBER-23,1,2023-01-05T02:51:27.531113Z,46,54,no
859,bf94bbb2-8a7b-4dec-9f5b-3d81702c43b5,RECSSNBER-23,400,2023-01-04T23:25:28.943993Z,49,51,yes
860,9eafb58d-b78d-4793-bd1d-9ea230b02044,RECSSNBER-23,1,2023-01-04T20:35:02.539155Z,49,51,yes
861,59fc065d-54b9-46bc-a943-1733ae2bc421,RECSSNBER-23,2,2023-01-04T13:16:28.576993Z,49,51,yes
862,fd80f542-543c-4c46-8f22-695ff3fb1a27,RECSSNBER-23,10,2023-01-03T20:27:17.202131Z,49,51,yes
863,3efd3d70-2cd9-4338-bb11-0f9a758e0c96,RECSSNBER-23,1,2023-01-02T14:44:06.879869Z,49,51,yes
864,f4f8b728-2308-4bbf-a93f-8f9cc0b3b361,RECSSNBER-23,1,2023-01-01T20:51:58.696846Z,49,51,yes
865,d317c570-37f2-4139-b2a6-30856497c0fc,RECSSNBER-23,10,2023-01-01T14:34:34.245544Z,49,51,yes
866,3c3a1236-ac2b-4374-b16c-b10eafcca746,RECSSNBER-23,49,2022-12-31T15:37:50.207236Z,49,51,yes
867,4723d806-f140-44cb-8048-1658c09940f3,RECSSNBER-23,19,2022-12-30T20:08:38.882449Z,49,51,yes
868,7ffe7bb2-2bd8-46fe-9940-69d67d138453,RECSSNBER-23,100,2022-12-30T00:38:24.122741Z,42,58,no
869,461b2565-d98d-4cf0-af72-3596bac71c85,RECSSNBER-23,50,2022-12-30T00:38:24.122741Z,42,58,no
870,cf9dcfe5-6381-4107-9ab7-84f2f03b44f0,RECSSNBER-23,200,2022-12-28T23:30:05.929061Z,43,57,no
871,03035de7-6def-4cb7-8d0b-9489bfc68701,RECSSNBER-23,50,2022-12-28T23:30:05.929061Z,44,56,no
872,a9ce48bf-fbf4-4357-9f02-cb561b342bcd,RECSSNBER-23,50,2022-12-28T22:20:49.883665Z,48,52,yes
873,cb9590ed-413f-4271-a55e-e2a915f582bc,RECSSNBER-23,1,2022-12-28T18:11:45.65941Z,44,56,no
874,c9b7acec-dc8f-4f43-ac9f-2a54ad7024de,RECSSNBER-23,13,2022-12-27T02:27:27.961919Z,44,56,no
875,5d7335ee-5735-4425-8981-b382b96ef2c9,RECSSNBER-23,30,2022-12-27T02:27:27.961919Z,45,55,no
876,e83b6573-f7df-4f25-8039-1f2585a58753,RECSSNBER-23,614,2022-12-23T21:11:52.707521Z,46,54,yes
877,d81e31b9-6983-4c9c-99f8-7198174dfbd1,RECSSNBER-23,1,2022-12-23T21:11:52.707521Z,46,54,yes
878,81ea2851-7752-4b18-b801-db5edd819412,RECSSNBER-23,20,2022-12-23T02:19:25.147123Z,46,54,yes
879,c01142c1-2495-47b9-a850-534cf29060d6,RECSSNBER-23,50,2022-12-22T17:23:58.846479Z,46,54,yes
880,ce5a5dd2-9b1d-49c5-9755-335b9c7508c2,RECSSNBER-23,40,2022-12-20T04:41:26.197089Z,46,54,yes
881,c0bbf581-af6c-454f-9065-db00b43ebdac,RECSSNBER-23,1,2022-12-19T17:17:25.270188Z,45,55,yes
882,f6d42bdc-b50c-4aba-a7c1-e86094e454fd,RECSSNBER-23,8,2022-12-18T02:55:00.208853Z,46,54,yes
883,f7970131-a608-4105-82fc-bc70c7148600,RECSSNBER-23,304,2022-12-16T15:55:40.319356Z,45,55,yes
884,d9334680-90fd-4a71-9848-858844f3fd45,RECSSNBER-23,1,2022-12-16T15:55:40.319356Z,45,55,yes
885,b5c3480b-93cb-4e08-939e-ffe300bef62c,RECSSNBER-23,95,2022-12-16T15:55:40.319356Z,44,56,yes
886,f2e98e0e-a018-4c4e-b986-c7bcc9482430,RECSSNBER-23,300,2022-12-16T15:04:22.189003Z,44,56,yes
887,bbaab40d-f039-46b0-867e-8294b10c5fb7,RECSSNBER-23,500,2022-12-16T15:03:50.863046Z,44,56,yes
888,76e549a9-e51f-47c2-a2b4-2d2c5cf315e1,RECSSNBER-23,25,2022-12-15T13:32:47.434878Z,44,56,yes
889,57c062d7-65a9-44fa-ab2c-daa24b9d4a28,RECSSNBER-23,2,2022-12-15T01:58:21.952115Z,39,61,no
890,09bab454-9cc4-459e-b934-2be20d7b7a89,RECSSNBER-23,1,2022-12-15T01:58:21.952115Z,39,61,no
891,05061a66-50ab-4d2f-9b96-f2ea13f79268,RECSSNBER-23,12,2022-12-15T01:58:21.952115Z,39,61,no
892,95af2e3d-7ffb-4180-9ae6-1292b9bb97b9,RECSSNBER-23,10,2022-12-14T18:22:29.799936Z,44,56,yes
893,a15f538f-2003-40aa-9666-32270723be6f,RECSSNBER-23,559,2022-12-14T17:02:24.364659Z,43,57,yes
894,bf81a611-a008-4c3a-ae65-4750c38a0fad,RECSSNBER-23,100,2022-12-13T18:04:39.444829Z,39,61,no
895,31a06578-444b-4f8d-a0cb-27b0b9982300,RECSSNBER-23,215,2022-12-13T18:04:39.444829Z,38,62,no
896,74fbd7cc-08d5-43d7-a182-e97448fefb27,RECSSNBER-23,43,2022-12-10T04:12:48.355533Z,44,56,yes
897,cc415822-948e-4eda-8131-e207fa9508df,RECSSNBER-23,5,2022-12-09T14:08:53.222094Z,44,56,yes
898,76022ab5-d78e-4e0b-86eb-ef54520e7d0d,RECSSNBER-23,21,2022-12-09T02:42:32.659968Z,44,56,yes
899,38f6324f-66e7-49bf-a312-f888e414643d,RECSSNBER-23,1,2022-12-08T19:13:46.232322Z,44,56,yes
900,6ca239ef-85ce-4139-91bd-da8c1d0f42bd,RECSSNBER-23,31,2022-12-05T22:19:10.49471Z,38,62,no
901,ecf24e2f-e39d-45c3-a891-ee2945020973,RECSSNBER-23,43,2022-12-05T22:17:25.856499Z,44,56,yes
902,70d8f5ba-7395-47f4-81e9-2439288bf20d,RECSSNBER-23,31,2022-12-05T22:17:10.174349Z,38,62,no
903,5ec1023f-7115-43c0-bb22-c0c3e3e70843,RECSSNBER-23,1,2022-12-05T16:50:54.060994Z,44,56,yes
904,905f0a1c-45f8-4482-8ca2-cc751eb43aea,RECSSNBER-23,395,2022-12-05T03:26:25.37791Z,39,61,no
905,e14b9ccb-a6d5-40f2-bcc6-8cf9074eb52f,RECSSNBER-23,1,2022-12-03T19:04:32.109911Z,45,55,no
906,b1dc230d-73e0-472e-bc23-c34a8f88a47b,RECSSNBER-23,20,2022-12-03T19:04:32.109911Z,40,60,no
907,9c9e5e1d-cf74-4a6f-8086-507f80d6d38a,RECSSNBER-23,1,2022-12-03T19:04:32.109911Z,41,59,no
908,44e99cc3-6bb0-45dd-b15d-bfe8535d3bfc,RECSSNBER-23,5,2022-12-03T19:04:32.109911Z,45,55,no
909,25738cb9-4976-4cd2-9d5a-896cffc20bda,RECSSNBER-23,273,2022-12-03T19:04:32.109911Z,40,60,no
910,ac616a01-76d0-44cc-8c17-d83bb612c366,RECSSNBER-23,1,2022-12-03T14:47:50.73057Z,46,54,yes
911,dac1bd18-c869-4fa7-add1-e7ec61982253,RECSSNBER-23,250,2022-12-02T19:23:41.37784Z,45,55,yes
912,6fdd453f-de1f-4bca-a61a-31dcfd7436e4,RECSSNBER-23,10,2022-12-02T17:29:45.849457Z,45,55,yes
913,5eb2c4bb-5276-485d-b128-fa8366cd6374,RECSSNBER-23,50,2022-12-01T23:46:51.731422Z,43,57,no
914,591764ae-339f-4f27-8e4e-183c69e7a5e7,RECSSNBER-23,4,2022-12-01T14:26:48.601762Z,45,55,yes
915,bc019eb8-7b8d-4e84-824c-9b011c36e3b8,RECSSNBER-23,456,2022-12-01T03:41:58.176286Z,41,59,no
916,a8155e55-f64d-4e45-a100-f6fc25959646,RECSSNBER-23,44,2022-12-01T03:41:58.176286Z,41,59,no
917,7c6fb85a-80c4-47d0-aafe-92ace27bc399,RECSSNBER-23,3,2022-11-30T20:24:29.043625Z,41,59,no
918,95b7b035-8d4a-49a0-8d75-9821046da414,RECSSNBER-23,3,2022-11-30T14:12:12.9926Z,41,59,no
919,876d30fc-c53d-4013-a1c9-af4bef0e23d5,RECSSNBER-23,209,2022-11-29T17:48:25.734359Z,46,54,yes
920,f0bcf508-f45f-4e22-a3b1-1669471753af,RECSSNBER-23,20,2022-11-28T20:31:49.175172Z,46,54,yes
921,14ba697c-6bf4-4dac-8a15-95b6d07a6b3a,RECSSNBER-23,16,2022-11-28T19:39:08.975385Z,40,60,no
922,ea6c907e-a40d-44d8-b2a3-17698753511e,RECSSNBER-23,203,2022-11-26T18:21:07.271916Z,35,65,yes
923,4312b79b-6e3e-4a64-9eee-033cd7000341,RECSSNBER-23,101,2022-11-26T18:21:07.271916Z,35,65,yes
924,f968d0f2-e559-4853-a31b-97258e0ab755,RECSSNBER-23,270,2022-11-26T18:20:34.971832Z,33,67,yes
925,cc4e4782-7bdf-404f-970e-e5f8ccfcdc45,RECSSNBER-23,121,2022-11-26T18:20:34.971832Z,33,67,yes
926,2c2f0938-fe87-43b4-89b3-3e0b8c6b4136,RECSSNBER-23,14,2022-11-25T15:05:34.215409Z,33,67,yes
927,4423bbc6-ab6d-4bc5-9c4e-114e00b5df6d,RECSSNBER-23,30,2022-11-18T22:41:27.538985Z,20,80,no
928,e0e0972c-06dc-4ecc-85de-116b2f1bc11b,RECSSNBER-23,3,2022-11-18T21:17:38.923768Z,20,80,no
929,79747ef7-abde-4f89-8b88-cf03dc2b48f7,RECSSNBER-23,1,2022-11-18T20:37:21.441803Z,20,80,no
930,e764dca4-0397-4072-8267-9e13764859a3,RECSSNBER-24,450,2025-01-31T06:33:27.634641Z,1,99,yes
931,835af416-0f64-41b9-918c-440bb87ff7d6,RECSSNBER-24,187,2025-01-31T06:32:39.391755Z,1,99,yes
932,a5434fc1-64de-49b5-91ba-a30b6de7daa4,RECSSNBER-24,1315,2025-01-31T06:28:17.29545Z,1,99,yes
933,1bca9600-0230-4cf1-a82e-645026142ce1,RECSSNBER-24,850,2025-01-31T06:27:16.377849Z,1,99,yes
934,b7806e20-e4d7-4f70-b935-0270276e875a,RECSSNBER-24,935,2025-01-30T04:27:33.541873Z,1,99,yes
935,7d7a2e3a-ece5-481b-88b7-4d6bd5645b1e,RECSSNBER-24,107,2025-01-30T02:14:08.608352Z,1,99,yes
936,787261dd-c101-4462-bc58-e30dc82bf469,RECSSNBER-24,9,2025-01-29T22:45:35.175945Z,1,99,yes
937,2ea9e3e7-6cf6-4857-a0f1-7ae7aac603a5,RECSSNBER-24,280,2025-01-29T04:33:28.714573Z,1,99,yes
938,12effe72-aac1-4d8f-86eb-a2e3fa04e015,RECSSNBER-24,93,2025-01-28T17:46:37.386046Z,1,99,yes
939,c9eb76eb-5735-4591-8751-11e8c793cebb,RECSSNBER-24,11,2025-01-28T02:49:11.591642Z,1,99,yes
940,bd1056a7-eeeb-4090-82ce-dba071d6c7d2,RECSSNBER-24,935,2025-01-27T18:59:35.545773Z,1,99,yes
941,08542f2a-a9a4-409d-b28c-13b9acadf38f,RECSSNBER-24,93,2025-01-27T14:49:03.091286Z,1,99,yes
942,63d1ca13-bd55-4933-9431-ef283ea977c4,RECSSNBER-24,93,2025-01-26T13:17:37.608017Z,1,99,yes
943,d91eafff-4baf-45ca-9b2e-38a2fb7423fe,RECSSNBER-24,93,2025-01-26T05:36:04.18096Z,1,99,yes
944,cb8e42d3-6ccb-4843-91da-aa29a9c6e7d0,RECSSNBER-24,935,2025-01-25T21:11:13.175875Z,1,99,yes
945,efbd0a4d-c952-4209-8d4f-7b31c2afcee0,RECSSNBER-24,93,2025-01-24T00:49:18.751436Z,1,99,yes
946,a62a4cb5-c9ba-48c4-99b2-8ef80485c9f1,RECSSNBER-24,529,2025-01-21T18:22:18.727379Z,1,99,yes
947,490e8e3d-b2c3-4886-b226-138fccdae0b5,RECSSNBER-24,6972,2025-01-21T18:22:18.727379Z,1,99,yes
948,04cbced3-bc75-4fb5-9c98-b5e08d37a7a8,RECSSNBER-24,4558,2025-01-21T18:22:18.727379Z,1,99,yes
949,e77d1749-6515-4b27-ae4f-bcb93168004e,RECSSNBER-24,935,2025-01-20T16:54:11.376548Z,1,99,yes
950,83e1ab1a-1656-472c-a81f-223cd6cba626,RECSSNBER-24,9,2025-01-20T14:23:25.451555Z,1,99,yes
951,2eb40450-79b0-44d0-a2aa-ab8f0ac86225,RECSSNBER-24,2000,2025-01-20T03:29:54.364767Z,1,99,yes
952,e2050841-e1b9-44d3-9801-77394bd8c13a,RECSSNBER-24,29,2025-01-19T13:52:19.780078Z,1,99,yes
953,19e398de-7bb9-474d-bc10-4670a58574ae,RECSSNBER-24,157,2025-01-19T13:52:19.780078Z,1,99,yes
954,d15c0930-641b-4e73-8cb5-1d6607bc4a9a,RECSSNBER-24,100,2025-01-19T02:02:35.344871Z,1,99,yes
955,67992874-5fe2-4376-8ebf-7a924e4f6b2c,RECSSNBER-24,145,2025-01-18T21:31:35.022078Z,1,99,yes
956,61d72de5-7a47-4c73-940f-972d7f3de93d,RECSSNBER-24,935,2025-01-18T19:29:58.60578Z,1,99,yes
957,80a5197c-c844-4a49-be59-4e9c8aa51841,RECSSNBER-24,8,2025-01-18T15:11:26.910652Z,1,99,yes
958,c4d02e68-0961-497d-8c07-11517244e4de,RECSSNBER-24,93,2025-01-18T04:37:47.575403Z,1,99,yes
959,2933f0af-10d9-4667-8212-5595b9593be4,RECSSNBER-24,875,2025-01-18T00:29:44.736844Z,1,99,yes
960,afd61265-3efb-452f-a51f-bfbb1a182b20,RECSSNBER-24,187,2025-01-18T00:22:03.971114Z,1,99,yes
961,81ce23b8-4d9d-45da-b1ca-2c34537d1dbd,RECSSNBER-24,748,2025-01-18T00:22:03.971114Z,1,99,yes
962,9005ca5d-9732-4037-9205-8e85ddb53ebc,RECSSNBER-24,22,2025-01-17T19:05:10.945939Z,1,99,yes
963,997960db-af68-4046-93cc-f6c9f3f3643e,RECSSNBER-24,100,2025-01-17T17:41:11.760158Z,1,99,yes
964,db750eb3-5c2f-482f-a30e-110a7809c666,RECSSNBER-24,63,2025-01-16T16:26:24.277224Z,1,99,yes
965,b155c5ac-cf9d-4901-b8ff-e92ef01bd5d4,RECSSNBER-24,67,2025-01-16T15:29:06.140858Z,1,99,yes
966,8d60ff11-7fae-449d-9d11-fedce07547cc,RECSSNBER-24,2,2025-01-16T15:29:06.140858Z,1,99,yes
967,d8276dbd-d8cd-49d8-9367-e55151494182,RECSSNBER-24,400,2025-01-14T21:06:21.440218Z,1,99,yes
968,c451a827-758b-4e1e-9943-40e4412ed348,RECSSNBER-24,4793,2025-01-14T21:06:21.440218Z,1,99,yes
969,b15edf35-8319-421e-83a5-8e5ce37041b7,RECSSNBER-24,124,2025-01-14T21:06:21.440218Z,1,99,yes
970,640f18cc-e616-4931-9955-a50d46c9fa1f,RECSSNBER-24,4030,2025-01-14T21:06:21.440218Z,1,99,yes
971,08401785-436f-40e5-8aff-43440b333c6c,RECSSNBER-24,68,2025-01-14T18:02:36.34523Z,1,99,yes
972,db237163-01f3-4f21-b271-55b2cdcf26ab,RECSSNBER-24,29,2025-01-13T00:07:44.991783Z,1,99,yes
973,fafad975-c81a-4d09-806e-a917177ddd20,RECSSNBER-24,467,2025-01-12T21:49:49.183432Z,1,99,yes
974,f152d758-f670-40a9-85de-2edcadcc020f,RECSSNBER-24,91,2025-01-12T15:18:34.954011Z,1,99,yes
975,7d98b3b9-f619-4d42-9fc9-a5cb4d9b724c,RECSSNBER-24,467,2025-01-11T22:49:13.971062Z,1,99,yes
976,c50eaf9b-9508-4565-b996-ecec6b057a4d,RECSSNBER-24,30,2025-01-11T19:54:40.299876Z,1,99,yes
977,30a6ec91-f58a-4ff3-b40a-082026ecdfce,RECSSNBER-24,467,2025-01-08T23:18:36.086828Z,1,99,yes
978,0d76a085-a024-42ee-a326-d33dd7c29f0b,RECSSNBER-24,2337,2025-01-08T21:24:19.679516Z,1,99,yes
979,5f32d6d6-d6e3-40be-a735-e2cca9a9d722,RECSSNBER-24,100,2025-01-08T05:31:16.438551Z,1,99,yes
980,66aa247f-423c-4749-b7c0-2bbb10bf242f,RECSSNBER-24,44,2025-01-07T16:39:55.719178Z,1,99,yes
981,7a5849b0-c90b-407e-8bec-884460702651,RECSSNBER-24,1870,2025-01-07T06:53:30.527892Z,1,99,yes
982,88d53e70-59ad-4462-a18d-fcca0fcf8f3f,RECSSNBER-24,10,2025-01-07T00:59:08.358872Z,1,99,no
983,426182b0-afcf-44c8-93db-1b1a295b6925,RECSSNBER-24,1000,2025-01-07T00:59:08.358872Z,1,99,no
984,33610045-6257-46b9-8e4b-a9afb2b1588e,RECSSNBER-24,1,2025-01-07T00:59:08.358872Z,1,99,no
985,26c09186-2c29-4d53-bd15-44320418b15d,RECSSNBER-24,1,2025-01-06T22:56:46.807475Z,6,94,no
986,902de7da-3426-4ca4-86bf-9cd0df9d36e0,RECSSNBER-24,4,2025-01-06T22:13:18.411259Z,9,91,yes
987,cd3f1473-8ed0-4cec-8988-7d26850b0eda,RECSSNBER-24,1,2025-01-06T22:02:54.913995Z,23,77,yes
988,feaf16fc-114c-4317-8a3e-e2057c23487c,RECSSNBER-24,11,2025-01-06T20:55:28.561719Z,21,79,yes
989,d5de6440-47f8-4302-bd97-cb720af8c753,RECSSNBER-24,100,2025-01-06T20:55:28.561719Z,20,80,yes
990,47d8be49-d795-49aa-a879-f781c0bd0ed7,RECSSNBER-24,10,2025-01-06T20:55:28.561719Z,21,79,yes
991,46ae8c0b-09af-49f6-8da1-48561fe97b09,RECSSNBER-24,1000,2025-01-06T20:55:28.561719Z,3,97,yes
992,282b688d-fea8-42b5-8cde-aab03c8c2db1,RECSSNBER-24,152,2025-01-06T20:55:28.561719Z,25,75,yes
993,16043a23-88fc-4152-b3cb-b4817346be10,RECSSNBER-24,100,2025-01-06T20:55:28.561719Z,2,98,yes
994,9948ced2-d3a8-469d-a02a-9532cdf8496c,RECSSNBER-24,10,2025-01-06T19:49:36.924642Z,20,80,yes
995,e246eb43-5886-4147-85f0-e906d80baeaf,RECSSNBER-24,1,2025-01-06T13:20:08.187026Z,12,88,yes
996,a617b07d-cd37-4eb0-9e93-2efb89afd52e,RECSSNBER-24,1,2025-01-06T13:20:08.187026Z,33,67,yes
997,99cd0618-dc09-4edc-a6d6-e24d7c73d42e,RECSSNBER-24,100,2025-01-06T13:20:08.187026Z,2,98,yes
998,95e7883e-406a-4084-b056-15c11919e297,RECSSNBER-24,1,2025-01-06T13:20:08.187026Z,5,95,yes
999,8e691c7d-2177-49df-a9ab-b54ea76606d4,RECSSNBER-24,1,2025-01-06T13:20:08.187026Z,13,87,yes
1000,848f1439-a0f1-4660-8b4f-215e1e7fe3c8,RECSSNBER-24,12,2025-01-06T13:20:08.187026Z,2,98,yes
1001,54e7c973-6bc5-43b9-be62-6fd64d316b0b,RECSSNBER-24,8,2025-01-06T13:20:08.187026Z,80,20,yes
1002,7b9c2816-065e-4db6-b38d-5331f7d94704,RECSSNBER-24,300,2025-01-06T01:28:57.905311Z,2,98,yes
1003,7edeaee1-fb81-427c-8df3-ab419cc0f722,RECSSNBER-24,28,2025-01-05T03:18:49.73158Z,2,98,yes
1004,86f576e0-5d14-46dd-bf83-065fff1e79f8,RECSSNBER-24,34,2025-01-05T00:56:22.700566Z,2,98,yes
1005,ab9b0f2f-3824-4427-abcf-181ef253b19c,RECSSNBER-24,22,2025-01-04T23:12:24.443631Z,2,98,yes
1006,29d50b8a-21f5-4935-b318-85d790f42d9d,RECSSNBER-24,23,2025-01-04T07:42:59.857671Z,2,98,yes
1007,3d7678b5-5b47-4b8b-a612-5313e2383b3f,RECSSNBER-24,21,2025-01-04T04:43:37.906641Z,2,98,yes
1008,4a49c66f-20d2-49cb-a751-23b209b72344,RECSSNBER-24,826,2025-01-03T17:57:17.211521Z,1,99,no
1009,3d84491f-975e-4d42-9fc7-9f411fba5e4d,RECSSNBER-24,125,2025-01-03T15:17:20.429691Z,2,98,yes
1010,360bcc21-35ce-4451-915f-bdf5fc62cf79,RECSSNBER-24,228,2025-01-03T15:17:20.429691Z,3,97,yes
1011,061ad27e-6fe7-41ec-bcf6-e31cc821599c,RECSSNBER-24,174,2025-01-03T04:09:41.687233Z,1,99,yes
1012,85af27ca-bc1a-4934-815c-f8cb408100c1,RECSSNBER-24,1,2025-01-01T21:03:35.813659Z,1,99,yes
1013,b75797a7-b113-428e-b840-0c06ac5c0f53,RECSSNBER-24,973,2025-01-01T19:32:38.832223Z,1,99,yes
1014,ff0f171c-8655-4674-bd8e-08ccc0183a33,RECSSNBER-24,700,2025-01-01T16:36:39.495564Z,3,97,yes
1015,cdfff557-7f7c-41c2-9f4d-790e60aaa662,RECSSNBER-24,273,2025-01-01T16:35:39.149079Z,3,97,yes
1016,34133ea8-5431-49c3-9d25-5decae9093f5,RECSSNBER-24,27,2025-01-01T16:35:39.149079Z,3,97,yes
1017,c42f379a-d1a9-415c-b079-a907c4c6ff5c,RECSSNBER-24,476,2025-01-01T03:57:36.694754Z,1,99,no
1018,beae2149-f669-45f3-982d-9eeada9b0808,RECSSNBER-24,93,2024-12-31T18:47:21.981342Z,1,99,no
1019,553879a1-4722-4dd0-a9b8-62ce255a7ae5,RECSSNBER-24,24,2024-12-31T18:47:21.981342Z,1,99,no
1020,d3621d11-8f79-403f-b033-3db7513f946d,RECSSNBER-24,93,2024-12-25T20:39:03.450017Z,1,99,yes
1021,143b56a3-d0b0-4d36-b1b7-be872c6669ba,RECSSNBER-24,23,2024-12-21T14:13:48.858646Z,3,97,yes
1022,3a6d02fc-fbb2-40c0-ac16-b6f48e10a45e,RECSSNBER-24,100,2024-12-20T23:28:08.549612Z,1,99,no
1023,f9029e88-e25f-47f3-85a9-e4b1893f111e,RECSSNBER-24,100,2024-12-20T23:27:43.417552Z,3,97,yes
1024,e3d7d144-eba2-4360-89fc-9e0874293857,RECSSNBER-24,34,2024-12-20T21:53:53.840598Z,4,96,yes
1025,3933ef1b-7d67-4302-83ff-b902b9021e14,RECSSNBER-24,100,2024-12-20T21:53:53.840598Z,2,98,yes
1026,1cc9eee6-44fa-4792-8ceb-455ebc2b9b28,RECSSNBER-24,299,2024-12-20T21:53:53.840598Z,2,98,yes
1027,bdc6f21b-8936-4b52-a1be-ebc75d947f1f,RECSSNBER-24,300,2024-12-19T21:56:43.072019Z,2,98,yes
1028,90711a9e-1105-4adf-9a9a-5293f73cae5a,RECSSNBER-24,401,2024-12-19T21:56:43.072019Z,2,98,yes
1029,d0f829e5-204f-4f05-94b2-853bf4cb7a78,RECSSNBER-24,67,2024-12-19T18:46:47.839954Z,1,99,no
1030,3c7d344a-f7f0-4ce9-bbc5-db4d910167dc,RECSSNBER-24,300,2024-12-19T16:29:16.549678Z,1,99,yes
1031,fc696aad-32ba-4797-a7ee-66ac226dd328,RECSSNBER-24,2029,2024-12-19T14:24:47.001799Z,1,99,no
1032,bd9955be-9a86-4ce9-9c47-44dce5a335f4,RECSSNBER-24,35,2024-12-19T14:24:47.001799Z,1,99,no
1033,51b3b1f4-ea70-4a4a-abad-929b37bea789,RECSSNBER-24,1906,2024-12-19T14:24:47.001799Z,1,99,no
1034,8017fc96-cae3-429e-9521-f656790665a9,RECSSNBER-24,1990,2024-12-18T04:00:41.386275Z,1,99,no
1035,3ada23df-1782-45d1-81bb-e365fdd9264e,RECSSNBER-24,40,2024-12-16T20:37:26.282029Z,1,99,no
1036,64251741-ac25-4637-a9a9-f5228f6f9b5c,RECSSNBER-24,62,2024-12-11T20:42:46.12668Z,2,98,yes
1037,61a5be56-cbad-4ba8-98a8-80896bc7f340,RECSSNBER-24,100,2024-12-11T20:42:46.12668Z,2,98,yes
1038,dd534026-9b20-4c93-b80e-f3d874207573,RECSSNBER-24,10,2024-12-07T15:37:51.647913Z,2,98,yes
1039,13a9cb3c-3a51-4a30-bf21-6937cdb21a64,RECSSNBER-24,18,2024-12-06T22:04:32.979798Z,2,98,yes
1040,2ca077a4-61ea-4199-a53b-a6988708a02a,RECSSNBER-24,10,2024-12-04T14:08:24.036774Z,2,98,yes
1041,c6a76a60-966a-481c-b67a-827b2fdf7f46,RECSSNBER-24,200,2024-11-30T16:07:40.771968Z,1,99,no
1042,bed9bb5d-9e03-41c6-8ebc-845e308de8d9,RECSSNBER-24,2739,2024-11-30T16:07:40.771968Z,1,99,no
1043,bb621dc4-449e-433e-a3f5-4470ab533b6f,RECSSNBER-24,15,2024-11-30T16:07:40.771968Z,1,99,no
1044,d42ca0b0-cd1d-40ce-aa0a-b349b51045ad,RECSSNBER-24,50,2024-11-27T13:02:16.585631Z,2,98,yes
1045,6bf3e6a7-a555-456a-8334-605a4aef1485,RECSSNBER-24,589,2024-11-27T13:02:16.585631Z,3,97,yes
1046,376abe3f-5b81-4fea-a2fb-62fa9d6211e2,RECSSNBER-24,4059,2024-11-27T13:02:16.585631Z,3,97,yes
1047,99dd7d9e-7b7a-4ea9-bc37-dae95ce960ed,RECSSNBER-24,50,2024-11-24T06:18:41.892888Z,2,98,yes
1048,0df153ab-ae7f-4275-93cd-b9e6a33b96f5,RECSSNBER-24,100,2024-11-22T03:50:34.699166Z,1,99,no
1049,c710b71f-3702-4029-8e09-a25b17e31cd9,RECSSNBER-24,11,2024-11-19T20:07:31.240804Z,3,97,yes
1050,4e43613d-abee-4600-9756-d3310fe86a7a,RECSSNBER-24,56,2024-11-18T06:47:04.300419Z,4,96,no
1051,8c399ace-9fd3-4ce4-8dcb-6bbb4bd4a4ca,RECSSNBER-24,2,2024-11-18T03:42:23.979718Z,4,96,yes
1052,bf5c725d-3150-46f5-9ba1-5a3870576c36,RECSSNBER-24,5,2024-11-17T19:34:19.781383Z,2,98,no
1053,03a3e00f-c7e8-498e-a25b-6654d62c6fac,RECSSNBER-24,8,2024-11-17T19:34:19.781383Z,1,99,no
1054,759daa06-ab74-4969-8add-c3e052c9517f,RECSSNBER-24,10,2024-11-13T17:56:03.632214Z,2,98,no
1055,8dfa91af-b5f8-4ad3-a5af-f824ce072d46,RECSSNBER-24,187,2024-11-12T21:14:49.417994Z,1,99,no
1056,ec0ecab5-b16e-4ab3-878b-7ea639fe9f70,RECSSNBER-24,62,2024-11-11T22:13:48.441743Z,1,99,no
1057,2e568882-8b2b-4b08-aaf2-b3ce0ba74265,RECSSNBER-24,1,2024-11-10T21:14:51.350396Z,2,98,no
1058,c65bd297-394d-49b4-8edd-0c3f96553167,RECSSNBER-24,21,2024-11-10T19:04:50.880855Z,2,98,no
1059,893d33c6-644a-4fa8-900e-38443209a49f,RECSSNBER-24,80,2024-11-08T18:52:00.585693Z,2,98,no
