,trade_id,ticker,count,created_time,yes_price,no_price,taker_side
0,d6e800ea-d7bf-4071-a129-1c85dea0f299,U3-22JAN-T3.6,6,2022-02-04T13:20:02.482093Z,90,10,yes
1,8a6feb50-5a02-4db6-9806-2fff8cc703c9,U3-22JAN-T3.6,420,2022-02-04T13:19:47.159405Z,90,10,yes
2,ba31c485-40e9-4999-90eb-d20fe790e783,U3-22JAN-T3.6,487,2022-02-04T13:19:18.138896Z,91,9,yes
3,92015d5b-8806-46a7-9142-b78252f1a911,U3-22JAN-T3.6,1,2022-02-04T13:19:11.624226Z,90,10,yes
4,38b95d83-04aa-4ec8-9fbe-c7ae8740c1c8,U3-22JAN-T3.6,448,2022-02-04T13:19:11.624226Z,90,10,yes
5,3a8a7c55-6794-4457-94ac-41e189b35c15,U3-22JAN-T3.6,423,2022-02-04T13:19:01.978153Z,89,11,yes
6,1515ab7c-02d6-4954-8e70-15563a8bc43f,U3-22JAN-T3.6,20,2022-02-03T18:49:33.251563Z,86,14,no
7,16453e8a-4b0b-4769-bfb8-33af91c63f67,U3-22JAN-T3.6,6,2022-02-03T03:11:04.091347Z,89,11,yes
8,e7c77c1a-7620-4320-b1b6-cdfd6ee030ba,U3-22JAN-T3.6,20,2022-02-02T18:22:46.421413Z,89,11,yes
9,8446aea2-27ce-4ddb-92e4-87b36d7f119e,U3-22JAN-T3.6,327,2022-02-02T16:27:19.175596Z,88,12,yes
10,92b84cd9-34bc-422d-8bdd-85869b93a4d9,U3-22JAN-T3.6,300,2022-01-26T02:54:45.996681Z,85,15,no
11,387d57ee-8442-45dd-a207-721d82c10e08,U3-22JAN-T3.6,4,2022-01-24T21:03:27.490178Z,85,15,yes
12,3fe7b1e0-ac6c-4929-a241-a88eff8c2440,U3-22JAN-T3.6,50,2022-01-21T00:16:58.634327Z,85,15,yes
13,bdf57029-a617-4c7f-81be-ad171b89e6ed,U3-22JAN-T3.6,9,2022-01-15T04:07:37.467587Z,82,18,yes
14,24a548c1-36f1-4806-a5ea-d3e930d54e55,U3-22JAN-T3.6,20,2022-01-15T04:07:37.467587Z,83,17,yes
15,efff1b5e-b5d7-456d-9837-32550418a5d8,U3-22JAN-T3.6,10,2022-01-13T20:46:33.520943Z,79,21,no
16,3f6db867-b75a-4c6b-b081-c0fc36dfc1c6,U3-22JAN-T3.6,40,2022-01-11T13:42:52.391126Z,82,18,yes
17,edfd5042-0e46-42c3-a85b-e7be4c8eb708,U3-22JAN-T3.6,6,2022-01-09T18:11:50.106309Z,82,18,yes
18,2bcf8383-fa55-432f-b9ba-3b059b187b75,U3-22JAN-T3.7,9,2022-02-04T00:59:13.540325Z,76,24,no
19,1a6fcc73-dfe4-4646-aac2-466e5dc6bba1,U3-22JAN-T3.7,241,2022-02-04T00:59:13.540325Z,77,23,no
20,af767ccc-6ecf-4a8f-808e-2c2478aef4f5,U3-22JAN-T3.7,3,2022-02-04T00:44:05.436979Z,81,19,yes
21,fa54e850-767f-4722-ae44-dea5cb58f18c,U3-22JAN-T3.7,45,2022-02-04T00:43:54.457183Z,80,20,yes
22,816f3c51-dc3a-40fa-9f83-b1077145728d,U3-22JAN-T3.7,109,2022-02-04T00:43:54.457183Z,81,19,yes
23,7fcc7d31-73b5-47aa-9ebb-ba7ec53643a9,U3-22JAN-T3.7,200,2022-02-03T20:18:26.526344Z,78,22,no
24,e8a4a3b4-97ed-4805-bbc9-5f0106350b79,U3-22JAN-T3.7,163,2022-02-03T19:05:01.354714Z,77,23,no
25,9e7843f0-2c08-4693-b0a2-85999370cce2,U3-22JAN-T3.7,37,2022-02-03T19:05:01.354714Z,78,22,no
26,12e3e0c7-1f16-4374-a6ef-ff35a78d4c9c,U3-22JAN-T3.7,20,2022-02-03T18:49:02.06579Z,78,22,no
27,cccef65d-b8a8-4648-8b5a-0bf25bd7c854,U3-22JAN-T3.7,8,2022-02-03T03:02:46.207291Z,78,22,no
28,6b8331db-0a66-45ca-8a72-da86dbaf100b,U3-22JAN-T3.7,1,2022-02-02T23:59:00.969759Z,81,19,yes
29,5e35e3f0-2ec0-4ea2-8a4f-a61b145f266b,U3-22JAN-T3.7,69,2022-02-02T23:58:52.294014Z,81,19,yes
30,263babbe-697b-44e8-83a2-5e46cf8b5967,U3-22JAN-T3.7,125,2022-02-02T23:00:19.777043Z,78,22,no
31,908af083-1cba-4549-b724-45ee46cda1ee,U3-22JAN-T3.7,21,2022-02-02T22:42:51.110059Z,78,22,no
32,dfb2859c-b289-468e-9339-183b76510095,U3-22JAN-T3.7,4,2022-02-02T22:31:48.091991Z,82,18,yes
33,714f6b3e-2c96-4c7d-a3ee-f9cd2fd2371f,U3-22JAN-T3.7,43,2022-02-02T22:31:48.091991Z,81,19,yes
34,5526d1df-41bb-4864-8bcc-53fdcd042582,U3-22JAN-T3.7,126,2022-02-02T21:45:23.164489Z,81,19,yes
35,e460d19f-511b-47a4-a4de-21b3984ea7e2,U3-22JAN-T3.7,12,2022-02-02T21:14:55.628028Z,80,20,yes
36,365bbd3a-dacc-44c5-b9c4-8a2045d6cf9f,U3-22JAN-T3.7,102,2022-02-02T21:14:55.628028Z,81,19,yes
37,7d6dd26b-9aae-4e2d-8791-47d6c560eac7,U3-22JAN-T3.7,120,2022-02-02T19:16:56.069559Z,80,20,yes
38,e09c6d25-8a2d-4880-be50-9299a5dfa51c,U3-22JAN-T3.7,3,2022-02-02T19:14:41.701286Z,80,20,yes
39,28b3bacc-cfa3-4db6-a7db-0a9c382e0bc4,U3-22JAN-T3.7,105,2022-02-02T19:14:32.830763Z,80,20,yes
40,9e7df555-6246-4569-9ef6-95cdcebae739,U3-22JAN-T3.7,3,2022-02-02T19:12:58.845577Z,80,20,yes
41,3f02a79a-3403-4d16-bcd5-fda2f46864d6,U3-22JAN-T3.7,114,2022-02-02T19:12:50.215727Z,79,21,yes
42,1a493557-2595-4231-bf20-176113541740,U3-22JAN-T3.7,9,2022-02-02T19:12:50.215727Z,80,20,yes
43,4f4c8ff2-1cd0-4f0d-a7db-4192fc0b746c,U3-22JAN-T3.7,12,2022-02-02T19:11:43.590976Z,79,21,yes
44,e3bb51b3-ead7-43cc-85d0-28c69b552825,U3-22JAN-T3.7,131,2022-02-02T19:11:30.764292Z,79,21,yes
45,21adf595-b567-4def-a1a8-05d1e1552a64,U3-22JAN-T3.7,32,2022-02-02T19:11:30.764292Z,78,22,yes
46,985f893f-2626-48ee-8e50-e8aca61de058,U3-22JAN-T3.7,36,2022-02-02T19:08:22.934947Z,77,23,yes
47,4fcd6a7e-4ae0-4dd4-80b4-52b99cab02fd,U3-22JAN-T3.7,12,2022-02-02T19:07:17.849891Z,77,23,yes
48,dc944c89-658e-4d72-b9f3-3e3634bb9c2a,U3-22JAN-T3.7,202,2022-02-02T19:07:06.486436Z,77,23,yes
49,1ab724dd-ad91-45c6-912b-93569c14c76b,U3-22JAN-T3.7,19,2022-02-02T19:06:16.29613Z,77,23,yes
50,84db3776-d652-41bc-9b57-625cda44a03c,U3-22JAN-T3.7,155,2022-02-02T19:06:07.799048Z,77,23,yes
51,7a6e1b32-8d89-45d2-9d1c-7d9940eab988,U3-22JAN-T3.7,10,2022-02-02T18:24:21.270048Z,77,23,yes
52,d555da37-0d19-4dd6-b537-f70de4713c0c,U3-22JAN-T3.7,10,2022-02-02T18:22:18.913107Z,77,23,yes
53,1a86b08f-45c2-4fab-89df-d9cee0fbd1ce,U3-22JAN-T3.7,6,2022-02-02T18:21:30.393017Z,77,23,yes
54,03324fed-0303-4b9e-9b2e-15f5edf40993,U3-22JAN-T3.7,1,2022-02-02T16:45:19.978141Z,77,23,yes
55,8fbb0e6d-59c8-4475-b0d4-39b5d63f54a8,U3-22JAN-T3.7,223,2022-02-02T16:27:50.68212Z,75,25,yes
56,86c94f99-d360-4ee1-8836-b62dbc71fdc5,U3-22JAN-T3.7,229,2022-02-02T16:27:50.68212Z,76,24,yes
57,96c3d31a-193e-4c42-a463-4962cd479069,U3-22JAN-T3.7,218,2022-02-02T16:27:36.781597Z,74,26,yes
58,72e22e23-9852-4acf-adc0-ecf90fff68b0,U3-22JAN-T3.7,214,2022-02-02T16:27:36.781597Z,73,27,yes
59,1971879c-89ca-49d5-9ca4-81ba50418180,U3-22JAN-T3.7,212,2022-02-02T16:27:36.781597Z,72,28,yes
60,d0fd4c8f-d5a3-4eb2-af87-b1dd4a6ccd8b,U3-22JAN-T3.7,212,2022-02-02T02:50:18.466334Z,71,29,yes
61,f505e851-f11c-4f2b-9175-09e363cff35f,U3-22JAN-T3.7,102,2022-02-02T02:50:08.333302Z,70,30,yes
62,d0514feb-fd8c-456b-b018-98800afd4799,U3-22JAN-T3.7,105,2022-02-01T20:56:15.660759Z,70,30,yes
63,06ced08c-c3ed-441c-bb98-8e3957cea493,U3-22JAN-T3.7,35,2022-02-01T20:56:15.660759Z,69,31,yes
64,8ca24874-98f3-4658-80d4-bbf88f3d1522,U3-22JAN-T3.7,33,2022-01-31T15:30:02.490715Z,66,34,no
65,32704411-eb88-4202-9192-7ffca5fbe179,U3-22JAN-T3.7,23,2022-01-31T13:04:09.049055Z,69,31,yes
66,402f4746-42da-435c-a224-2445a0220dbc,U3-22JAN-T3.7,75,2022-01-30T21:30:17.59798Z,69,31,yes
67,61d0ba62-25bf-4b60-ab2d-842cdec5e5b9,U3-22JAN-T3.7,56,2022-01-29T19:58:48.853016Z,69,31,yes
68,605f8230-38c1-4b2c-bb3d-26f9196b48fd,U3-22JAN-T3.7,33,2022-01-28T13:13:51.415195Z,65,35,no
69,a09a9597-cfd9-456b-acac-601327797753,U3-22JAN-T3.7,14,2022-01-26T01:23:19.269332Z,69,31,yes
70,62ef41d7-1a60-47c1-916c-b0adb8c378f7,U3-22JAN-T3.7,2,2022-01-24T21:04:25.441542Z,65,35,yes
71,f335cf8f-0268-43ac-bef3-4e058a55e1e8,U3-22JAN-T3.7,2,2022-01-24T21:04:25.411272Z,64,36,yes
72,8c079e3e-a4c8-41f1-a729-abce563a0b99,U3-22JAN-T3.7,2,2022-01-24T21:04:25.387162Z,63,37,yes
73,0de15729-7331-4885-9a8d-a9a3342e8732,U3-22JAN-T3.7,20,2022-01-24T21:04:25.387162Z,63,37,yes
74,93059cb7-c761-4ce1-9c9f-95dc2d72c1a2,U3-22JAN-T3.7,23,2022-01-22T20:43:28.434198Z,63,37,yes
75,7ad3f440-bd83-42e6-bd0e-eacde12714d4,U3-22JAN-T3.7,28,2022-01-21T15:57:41.560298Z,63,37,yes
76,4d15a8f4-27a8-44be-a3f6-ceacd7b8b78f,U3-22JAN-T3.7,2,2022-01-21T15:57:41.560298Z,62,38,yes
77,df83eeea-f14b-4942-8f13-a900f6ca1334,U3-22JAN-T3.7,10,2022-01-20T19:21:52.860302Z,62,38,yes
78,8528d05f-82e4-4b7d-911c-fa084aec9a28,U3-22JAN-T3.7,10,2022-01-18T20:52:21.052008Z,62,38,yes
79,8aa502fb-74dc-43f7-b726-62685d0c9b0b,U3-22JAN-T3.7,55,2022-01-15T23:26:17.388827Z,55,45,no
80,0acbacb5-261d-425e-a7ba-4fe5c90738db,U3-22JAN-T3.7,20,2022-01-15T02:08:30.121269Z,59,41,yes
81,29425db6-5828-441e-9ec5-9cd425ca48e9,U3-22JAN-T3.7,21,2022-01-14T14:58:04.200978Z,55,45,no
82,0de87d44-ce5c-4ea3-91e2-8bfde512795f,U3-22JAN-T3.7,32,2022-01-13T20:54:11.426356Z,58,42,yes
83,0d5aee1a-6ed6-4332-a19d-477e30534020,U3-22JAN-T3.7,1,2022-01-13T20:54:11.426356Z,59,41,yes
84,cae31328-449e-4aa5-8a71-8e8037b98795,U3-22JAN-T3.7,30,2022-01-13T15:36:06.16173Z,57,43,yes
85,000c91f7-8da3-47ed-b2cb-87854c93fbf6,U3-22JAN-T3.7,3,2022-01-13T15:36:06.16173Z,58,42,yes
86,7d25bd48-2324-4887-943e-cce6e8e12472,U3-22JAN-T3.7,10,2022-01-13T13:24:12.099097Z,56,44,yes
87,8e7f32fa-d856-4d02-9b37-50ff29fd0af1,U3-22JAN-T3.7,11,2022-01-11T19:50:36.455808Z,53,47,no
88,e4bacd49-bfe1-4070-bd36-ef3140ad9a90,U3-22JAN-T3.8,3,2022-02-04T02:06:27.541237Z,62,38,yes
89,bf960bb4-f0f3-4ae6-ad74-e4729009790e,U3-22JAN-T3.8,23,2022-02-04T01:23:18.665894Z,62,38,yes
90,a0d332fb-1f26-402f-b611-f7a4a1855a30,U3-22JAN-T3.8,77,2022-02-04T01:23:18.665894Z,61,39,yes
91,f1ba68b9-b20b-4d35-abc1-f60be2bd04f4,U3-22JAN-T3.8,100,2022-02-03T22:58:05.593835Z,61,39,yes
92,c1d5a740-87a0-425a-a95e-9f0c5f8ab094,U3-22JAN-T3.8,2,2022-02-03T21:52:28.278996Z,60,40,no
93,02b4fb9a-73c1-4a0a-87bb-44b74df8a552,U3-22JAN-T3.8,18,2022-02-03T21:52:14.883959Z,60,40,yes
94,f91762c5-c40b-4790-8cd8-593a03759d73,U3-22JAN-T3.8,37,2022-02-03T21:27:20.971585Z,60,40,yes
95,bcccc465-e026-41fa-b3ae-8757bc0df216,U3-22JAN-T3.8,118,2022-02-03T21:27:04.206973Z,60,40,yes
96,ab4426f3-74a2-4480-bfd2-f55ccbd56a65,U3-22JAN-T3.8,4,2022-02-03T21:27:04.206973Z,59,41,yes
97,1a441cc4-a8dd-4b25-8b40-8ef4f9397390,U3-22JAN-T3.8,78,2022-02-03T21:27:04.206973Z,59,41,yes
98,f467d5e7-2a0f-4db4-a7c2-8db7edabe828,U3-22JAN-T3.8,21,2022-02-03T21:16:42.521007Z,56,44,no
99,2612ef94-c174-4889-ad1f-2b67ef240177,U3-22JAN-T3.8,17,2022-02-03T20:10:15.392565Z,56,44,no
100,8a4471df-125d-4dd2-8380-1ceb130523df,U3-22JAN-T3.8,173,2022-02-03T19:38:25.399262Z,58,42,yes
101,25971131-f9c7-4ded-adf7-467823faa371,U3-22JAN-T3.8,171,2022-02-03T19:38:25.399262Z,59,41,yes
102,9dcac198-e329-4c9f-8d61-c8a865b22ae1,U3-22JAN-T3.8,168,2022-02-03T19:27:39.797674Z,55,45,yes
103,7ee6d066-bae2-4fcc-9526-5e85de183ea5,U3-22JAN-T3.8,170,2022-02-03T19:27:39.797674Z,57,43,yes
104,661583b1-bbc3-47e6-afbb-7f111b63069b,U3-22JAN-T3.8,21,2022-02-03T19:27:39.797674Z,53,47,yes
105,49b5b6a3-d2a7-4878-b64d-8598b3eb36b6,U3-22JAN-T3.8,181,2022-02-03T19:27:39.797674Z,54,46,yes
106,2d8b9245-e79f-417d-a47b-27f934439e2f,U3-22JAN-T3.8,169,2022-02-03T19:27:39.797674Z,56,44,yes
107,507978fe-e5f1-43eb-b78c-a805ee1384dd,U3-22JAN-T3.8,10,2022-02-03T19:22:25.474292Z,53,47,yes
108,a7e7f6c5-5a53-4798-8e9a-ae3c3848f377,U3-22JAN-T3.8,66,2022-02-03T19:12:42.479564Z,52,48,yes
109,65a1010c-b54f-4cd9-80be-12e258e62dfb,U3-22JAN-T3.8,134,2022-02-03T19:12:42.479564Z,53,47,yes
110,51156dd0-4909-4579-8a08-68a4590aaea1,U3-22JAN-T3.8,50,2022-02-03T19:12:42.479564Z,50,50,yes
111,42818c38-3871-44f6-b4d4-d83a08fc53d2,U3-22JAN-T3.8,50,2022-02-03T19:12:42.479564Z,51,49,yes
112,25065290-2bb8-4969-bc4f-92751dd928a9,U3-22JAN-T3.8,15,2022-02-03T18:46:24.64006Z,48,52,no
113,b5b99538-1726-464e-af89-1434acdd3471,U3-22JAN-T3.8,41,2022-02-03T17:17:05.565779Z,48,52,no
114,4da404bc-77ae-451d-9cb2-a89795e7f564,U3-22JAN-T3.8,173,2022-02-03T17:17:05.565779Z,49,51,no
115,a71b719c-d052-411d-a32f-16b063ad6ddf,U3-22JAN-T3.8,173,2022-02-03T15:19:52.190827Z,50,50,no
116,db08631f-101d-4abf-9f86-4b4325be0e78,U3-22JAN-T3.8,15,2022-02-03T15:11:49.486181Z,52,48,no
117,a58b297c-fc76-4608-a123-9f9f6298e20e,U3-22JAN-T3.8,150,2022-02-03T15:11:49.486181Z,52,48,no
118,3f0c7959-e5f8-40bd-966b-bccf5642065f,U3-22JAN-T3.8,75,2022-02-03T15:11:49.486181Z,53,47,no
119,1b6d074b-ba20-4cab-9f54-a803a51df193,U3-22JAN-T3.8,175,2022-02-03T15:11:49.486181Z,51,49,no
120,7028d9ea-03bb-46c1-a378-e3233fcdbed1,U3-22JAN-T3.8,100,2022-02-03T13:26:19.905887Z,53,47,no
121,b784a806-56bf-4277-aab7-ca16c09feacc,U3-22JAN-T3.8,15,2022-02-03T03:10:28.790119Z,56,44,yes
122,7635dbcf-6a81-4174-af69-31ad498cdd63,U3-22JAN-T3.8,17,2022-02-03T01:34:08.732873Z,56,44,yes
123,8f63be00-c4f5-44ac-a5fe-6a34f8ad8f2e,U3-22JAN-T3.8,150,2022-02-02T23:00:39.621589Z,52,48,no
124,0123c3e4-65fc-42aa-a809-4f3599b2fcee,U3-22JAN-T3.8,69,2022-02-02T21:52:03.840513Z,56,44,yes
125,516defb9-cbbc-4fc3-bdb2-b12cb65ebe6a,U3-22JAN-T3.8,10,2022-02-02T21:42:13.197285Z,56,44,yes
126,2b45da8c-d47d-483c-83f5-bd461575e1f3,U3-22JAN-T3.8,10,2022-02-02T20:09:16.086238Z,52,48,no
127,848f7902-72a1-46af-b7f2-67a87bc5ad2e,U3-22JAN-T3.8,10,2022-02-02T18:30:56.587667Z,56,44,yes
128,1d546491-1d0d-4463-87ad-b67cc58ae8f6,U3-22JAN-T3.8,5,2022-02-02T18:24:54.948495Z,56,44,yes
129,d41a6721-327b-489c-9a36-4cfb19dadd73,U3-22JAN-T3.8,169,2022-02-02T16:26:51.318909Z,55,45,yes
130,a03fc37a-691b-445e-878d-fa2a9ab11aed,U3-22JAN-T3.8,181,2022-02-02T16:26:51.318909Z,52,48,yes
131,35d49025-4f73-4f0d-8a25-d67a94dca8d7,U3-22JAN-T3.8,169,2022-02-02T16:26:51.318909Z,54,46,yes
132,2dfcf398-a075-45d5-9df2-5408338862e4,U3-22JAN-T3.8,167,2022-02-02T16:26:51.318909Z,53,47,yes
133,253f079f-1d8e-410a-8289-06dfd0dc6f94,U3-22JAN-T3.8,2,2022-02-02T16:26:51.318909Z,51,49,yes
134,fa924f58-580d-4460-9c32-af1e51d955cd,U3-22JAN-T3.8,100,2022-02-02T13:17:59.486066Z,51,49,yes
135,c913fb8f-75aa-4555-947e-66af36354131,U3-22JAN-T3.8,63,2022-02-02T13:17:59.486066Z,50,50,yes
136,7eb26584-3b28-4763-b68a-192cf74cb8d0,U3-22JAN-T3.8,162,2022-02-02T13:17:59.486066Z,51,49,yes
137,fea5e7b8-f2de-47bf-a042-86586c782083,U3-22JAN-T3.8,96,2022-02-01T21:02:14.994603Z,50,50,yes
138,dad0f94f-718d-4d09-b458-87fdd2d1454a,U3-22JAN-T3.8,169,2022-01-31T13:03:50.871498Z,49,51,yes
139,853f964b-80ad-446a-9ed2-bce5541c0514,U3-22JAN-T3.8,171,2022-01-31T13:03:50.871498Z,46,54,yes
140,81767790-aff3-417b-8aac-c93fa86f6968,U3-22JAN-T3.8,171,2022-01-31T13:03:50.871498Z,47,53,yes
141,4a9d0499-bfbc-45e8-9590-ceed4fd221ec,U3-22JAN-T3.8,173,2022-01-31T13:03:50.871498Z,45,55,yes
142,1fd50d15-afb8-41cd-8f43-316a56202d6e,U3-22JAN-T3.8,170,2022-01-31T13:03:50.871498Z,48,52,yes
143,0dac32c7-feda-4510-8344-bbc8525e958c,U3-22JAN-T3.8,4,2022-01-31T13:03:50.871498Z,46,54,yes
144,f0bdd3e9-3288-456d-aa32-3a5383549b8b,U3-22JAN-T3.8,250,2022-01-30T18:46:40.693707Z,44,56,no
145,60f4a861-6771-425a-8197-7c5c5c2d3078,U3-22JAN-T3.8,49,2022-01-27T00:27:08.670768Z,41,59,no
146,373df436-e44f-4161-b44c-ebf994151059,U3-22JAN-T3.8,8,2022-01-26T23:01:35.637406Z,41,59,no
147,881179fb-9c41-4978-811d-528e608db9a2,U3-22JAN-T3.8,21,2022-01-26T20:10:35.39247Z,45,55,yes
148,bd9c87a1-6c98-4a66-90c5-006319520ae0,U3-22JAN-T3.8,16,2022-01-26T01:22:04.45255Z,45,55,yes
149,7c33445c-084f-44ec-814e-21f29b7cfece,U3-22JAN-T3.8,151,2022-01-25T19:55:37.861219Z,41,59,no
150,83c524be-28b9-4bd9-9b26-89141a35b40a,U3-22JAN-T3.8,2,2022-01-24T23:40:22.984565Z,45,55,yes
151,ccd2a270-141b-4c42-9582-904569a06939,U3-22JAN-T3.8,48,2022-01-24T22:36:12.57678Z,45,55,yes
152,10d47896-3514-4338-ac8b-8b0060abca96,U3-22JAN-T3.8,2,2022-01-24T22:36:12.57678Z,45,55,yes
153,d84be033-05d3-4709-94d3-11a6e77beef2,U3-22JAN-T3.8,30,2022-01-24T16:30:00.330403Z,39,61,no
154,fde8179b-0a4f-4bbf-bb6c-b350857eb43d,U3-22JAN-T3.8,9,2022-01-23T16:00:19.136869Z,39,61,no
155,7e78176c-ce1a-46d0-89f0-e32df4e78c4d,U3-22JAN-T3.8,1,2022-01-23T16:00:19.136869Z,40,60,no
156,6dfa7b18-670c-4d31-a3f9-d23937c68bb5,U3-22JAN-T3.8,16,2022-01-22T23:27:30.579452Z,40,60,no
157,6c649c0c-3613-49d2-8e15-c4bc5cef3fad,U3-22JAN-T3.8,10,2022-01-21T13:21:00.441271Z,44,56,yes
158,2bb00dff-891b-476b-b94f-e5417a79d803,U3-22JAN-T3.8,54,2022-01-20T20:42:54.672557Z,43,57,yes
159,7ae9daf2-f7df-4422-b620-2f663ca56763,U3-22JAN-T3.8,24,2022-01-20T20:42:44.29501Z,42,58,yes
160,543fda95-b439-4a08-b0ef-a9e00f580a94,U3-22JAN-T3.8,10,2022-01-20T19:21:04.149272Z,42,58,yes
161,ae0bcf89-596f-4f6a-909d-f8dfb90f1327,U3-22JAN-T3.8,2,2022-01-20T16:05:24.747549Z,42,58,yes
162,e5e2ce6a-f065-4d37-bd84-c55abc839ebd,U3-22JAN-T3.8,53,2022-01-19T22:52:53.01953Z,40,60,yes
163,2a5ab2b3-9d7e-4995-bc7b-87b549f78a9f,U3-22JAN-T3.8,13,2022-01-19T22:52:53.01953Z,42,58,yes
164,0775fa7f-eb38-400d-8e49-9325c10a0760,U3-22JAN-T3.8,52,2022-01-19T22:52:53.01953Z,41,59,yes
165,6716d258-5d3d-4741-88d0-c81cd2f7fee7,U3-22JAN-T3.8,53,2022-01-19T21:54:13.107944Z,39,61,yes
166,a09450de-a5db-4d90-a47d-f9402b4a0b2a,U3-22JAN-T3.8,57,2022-01-19T21:53:55.329445Z,38,62,yes
167,c9011594-053a-4b4e-84ab-6437b2d445be,U3-22JAN-T3.8,20,2022-01-18T20:51:41.921124Z,37,63,yes
168,32eac524-bbf1-40b2-84c6-9047915a89d6,U3-22JAN-T3.8,15,2022-01-13T23:29:31.134884Z,35,65,yes
169,c909894d-8ffd-4d33-b8fc-83263e0227b1,U3-22JAN-T3.8,1,2022-01-13T21:00:49.270519Z,33,67,no
170,fe51a056-607a-49cf-93a7-e9606b57478c,U3-22JAN-T3.8,13,2022-01-13T17:39:18.940254Z,34,66,no
171,250ba53e-46f8-4d8d-9fbe-00f898f488a7,U3-22JAN-T3.8,37,2022-01-13T17:39:13.274966Z,34,66,yes
172,130a279a-3555-4ee6-b255-b47963232d70,U3-22JAN-T3.8,25,2022-01-12T16:45:47.200488Z,32,68,yes
173,009b0860-f305-49b9-890b-03ca837c3d62,U3-22JAN-T3.8,40,2022-01-12T16:45:47.200488Z,33,67,yes
174,3ea5bc35-5905-40bf-bc28-c550a81e5e39,U3-22FEB-T3.8,127,2022-03-04T13:20:59.028403Z,74,26,yes
175,0190d5f4-2590-47ee-88e7-0e9581fb3f23,U3-22FEB-T3.8,70,2022-03-03T20:33:42.93937Z,75,25,yes
176,ebbe2523-df0a-410b-a25d-41d6e3438b77,U3-22FEB-T3.8,5,2022-03-03T19:23:20.175979Z,75,25,yes
177,d024f58b-e00c-40ca-a8df-f44b177f87c1,U3-22FEB-T3.8,1,2022-03-03T19:23:20.175979Z,75,25,yes
178,4502c55e-f4d3-4883-b9cf-ce3ba622756f,U3-22FEB-T3.8,26,2022-03-03T18:36:10.72609Z,75,25,yes
179,f48aee94-2f1f-4feb-be1f-d805536fe981,U3-22FEB-T3.8,64,2022-03-03T18:20:04.849681Z,72,28,no
180,c15af157-924e-4c7b-83fe-9b6d806f8674,U3-22FEB-T3.8,68,2022-03-03T18:20:00.068131Z,73,27,no
181,026c9d67-fe28-49c0-bc63-4435bdc373bf,U3-22FEB-T3.8,27,2022-03-03T17:04:05.915544Z,74,26,no
182,621fabf5-b881-4df1-ae88-76c2344ccf4f,U3-22FEB-T3.8,25,2022-03-03T16:55:16.243726Z,73,27,yes
183,47342551-f7dd-48cc-bb0a-a1b5152d5863,U3-22FEB-T3.8,69,2022-03-03T16:55:16.243726Z,76,24,yes
184,211f4772-fa30-43ae-bce1-bc9d4fec94dd,U3-22FEB-T3.8,69,2022-03-03T16:55:16.243726Z,74,26,yes
185,1f663118-5318-4547-93c5-9d1e16296eef,U3-22FEB-T3.8,71,2022-03-03T16:55:16.243726Z,77,23,yes
186,0de03051-c2bb-4b5a-9b13-c11901a3b7e3,U3-22FEB-T3.8,67,2022-03-03T16:55:16.243726Z,75,25,yes
187,0611a003-e8df-46de-8748-008bcca08aab,U3-22FEB-T3.8,73,2022-03-03T16:55:16.243726Z,94,6,yes
188,94a188e4-72aa-4b4f-93c8-16f36524ea3d,U3-22FEB-T3.8,68,2022-03-03T16:09:18.57195Z,73,27,no
189,60186111-9b41-40c6-9ad4-d333d1f12f54,U3-22FEB-T3.8,4,2022-03-03T16:09:18.57195Z,72,28,no
190,5b463d8f-2059-4f0f-a2b4-dcf8ffbb732e,U3-22FEB-T3.8,64,2022-03-03T16:09:18.57195Z,72,28,no
191,1b2669f1-ef8b-451d-a859-491673d2cab6,U3-22FEB-T3.8,61,2022-03-03T16:09:18.57195Z,70,30,no
192,04f35eed-065d-46d7-b19a-b143ffed5b90,U3-22FEB-T3.8,63,2022-03-03T16:09:18.57195Z,71,29,no
193,c6cbcb44-3d5b-435f-bc77-ae216e338d27,U3-22FEB-T3.8,6,2022-03-03T15:49:10.389582Z,77,23,yes
194,d1e3428e-65eb-450d-a89a-9c8fdfb283e8,U3-22FEB-T3.8,28,2022-03-03T15:30:40.552961Z,76,24,yes
195,529ae317-b2fc-4a9f-8daf-b8c82c918774,U3-22FEB-T3.8,36,2022-03-03T15:30:40.552961Z,77,23,yes
196,1f90bd76-f754-4aca-a25f-6641d46a4220,U3-22FEB-T3.8,6,2022-03-03T14:57:21.87479Z,76,24,yes
197,f1f59fed-3051-4818-ab3d-3108c9e0211d,U3-22FEB-T3.8,36,2022-03-02T01:46:35.70156Z,76,24,yes
198,49b65beb-bd52-4ff1-878a-1966d8350715,U3-22FEB-T3.8,10,2022-03-01T16:20:40.46028Z,75,25,yes
199,c1389992-a80d-4640-bd13-80cd6b5468e3,U3-22FEB-T3.8,57,2022-02-26T01:32:50.180732Z,75,25,yes
200,5114723a-f246-4bb7-9a33-f17d65189b0c,U3-22FEB-T3.8,3,2022-02-26T01:32:50.180732Z,75,25,yes
201,f08df8ac-cf1e-40e5-8c09-90ae5e35391a,U3-22FEB-T3.8,4,2022-02-26T01:32:42.296874Z,74,26,yes
202,b5e98885-d0ff-468f-b8e4-277efab60b62,U3-22FEB-T3.8,45,2022-02-26T01:32:42.296874Z,74,26,yes
203,daee255f-3e74-4a89-be79-a849fa4b571d,U3-22FEB-T3.8,1,2022-02-25T23:06:41.588206Z,74,26,yes
204,6b2222e1-3cf9-4d79-92d7-655257d70147,U3-22FEB-T3.8,14,2022-02-22T18:59:25.069925Z,70,30,no
205,3e5fe641-79c0-437d-8fb7-a6a55b10b7d7,U3-22FEB-T3.8,16,2022-02-22T18:59:25.069925Z,71,29,no
206,a0a075ed-d079-4c28-8ec5-e134aa8edb88,U3-22FEB-T3.8,45,2022-02-21T14:04:16.385248Z,73,27,no
207,a07adead-122c-4b40-a60a-8fccbecced44,U3-22FEB-T3.8,15,2022-02-21T14:04:16.385248Z,72,28,no
208,6fd6b06a-5e47-4615-a936-190218425e2b,U3-22FEB-T3.8,3,2022-02-21T14:04:16.385248Z,72,28,no
209,3b7c8ec8-dec2-47bf-badf-d53534ce0e4a,U3-22FEB-T3.8,23,2022-02-21T14:04:16.385248Z,71,29,no
210,34c36234-4540-4d05-9397-87ec13e13fb8,U3-22FEB-T3.8,42,2022-02-21T14:04:16.385248Z,72,28,no
211,f1e19dc3-16b7-40b4-946c-9307e44dfa6d,U3-22FEB-T3.8,18,2022-02-16T20:11:49.001443Z,74,26,no
212,2d4caf65-0449-4480-b4ff-4479f00d4ce4,U3-22FEB-T3.8,9,2022-02-16T18:11:44.311798Z,74,26,no
213,c749042b-1d31-4e19-be2a-5fd6959f0656,U3-22FEB-T3.8,48,2022-02-16T01:48:55.480109Z,76,24,yes
214,ab02d4d8-7f50-43ef-8e89-77c425887899,U3-22FEB-T3.8,8,2022-02-16T01:48:55.480109Z,78,22,yes
215,a58c8771-86e8-45d5-90da-a621015220be,U3-22FEB-T3.8,22,2022-02-16T01:48:55.480109Z,75,25,yes
216,572606f8-4278-4921-8391-d64900327ff2,U3-22FEB-T3.8,47,2022-02-16T01:48:55.480109Z,77,23,yes
217,4022ef5e-aa03-4eed-b72a-77a90f5e7517,U3-22FEB-T3.8,3,2022-02-16T01:48:55.480109Z,77,23,yes
218,f8a97214-a771-4d29-981f-b67ca9304bdb,U3-22FEB-T3.8,3,2022-02-15T21:20:30.570214Z,74,26,yes
219,9f2c02cd-2c95-46e3-a7f6-d641ee67f851,U3-22FEB-T3.8,3,2022-02-15T21:20:30.570214Z,74,26,yes
220,67a4c534-a8c8-4eb7-9262-0d1aa35ab54b,U3-22FEB-T3.8,24,2022-02-15T21:20:30.570214Z,75,25,yes
221,211036c1-b727-4d0b-b608-2635a7d33415,U3-22FEB-T3.8,1,2022-02-13T22:23:55.786206Z,69,31,no
222,c1bf14a9-ac5b-46be-9fea-1c513394c9fc,U3-22FEB-T3.8,3,2022-02-10T18:28:33.609372Z,73,27,yes
223,06601faa-fa92-45d7-a838-d6762892ec13,U3-22FEB-T3.8,7,2022-02-10T18:28:33.609372Z,73,27,yes
224,bcfed3f3-4824-4ffa-aaf3-024243f398fc,U3-22FEB-T3.8,3,2022-02-10T18:25:23.988572Z,71,29,yes
225,99a7f3f6-0653-4b88-8502-b4f241db9504,U3-22FEB-T3.8,8,2022-02-10T18:25:23.988572Z,73,27,yes
226,679f0d6d-d3df-4a89-be41-155634df8478,U3-22FEB-T3.8,10,2022-02-10T18:25:23.988572Z,71,29,yes
227,5e1ac905-c62c-49e3-bdde-0081d187c9c6,U3-22FEB-T3.8,3,2022-02-10T18:25:23.988572Z,72,28,yes
228,50de4344-11e6-4c83-9bd9-8e0b6fb80002,U3-22FEB-T3.8,44,2022-02-10T18:25:23.988572Z,72,28,yes
229,51fdf6f7-cbe9-4bd9-8ab8-c3c02b088ca8,U3-22FEB-T3.8,1,2022-02-08T21:23:06.523559Z,71,29,yes
230,b5cce556-33cf-4808-8892-e4165e685d9e,U3-22FEB-T3.8,34,2022-02-05T18:14:41.848438Z,68,32,no
231,c8f77d82-73c1-44fa-b77c-22713f968d05,U3-22FEB-T3.8,1,2022-02-05T17:27:37.577475Z,72,28,yes
232,4dcb3abd-301f-4b71-93c8-ecfa0cac8292,U3-22FEB-T3.8,9,2022-02-05T03:15:11.343214Z,72,28,yes
233,dfab593c-9d4b-4548-a541-b2f3b16a800d,U3-22FEB-T3.8,1,2022-02-04T22:09:02.000648Z,68,32,no
234,f258a56c-ca81-4715-9b6f-044fb095e4b8,U3-22FEB-T3.9,11,2022-03-03T22:23:22.242455Z,41,59,yes
235,1e79cee4-75bd-4d87-99a3-2e77bdc3c212,U3-22FEB-T3.9,1,2022-03-03T22:12:36.538161Z,37,63,no
236,6b0da8ed-2f09-4c50-9763-aaf8902ef56b,U3-22FEB-T3.9,4,2022-03-03T22:12:12.485136Z,37,63,no
237,73a02f68-c503-4d76-b078-5cb6d6233c6d,U3-22FEB-T3.9,92,2022-03-03T16:17:24.816716Z,38,62,no
238,ecb479b4-5d47-4858-ab12-10a056c2a704,U3-22FEB-T3.9,89,2022-03-03T16:09:04.19303Z,40,60,no
239,c2a63f1d-3e3d-4de3-9674-627063a9e7eb,U3-22FEB-T3.9,88,2022-03-03T16:09:04.19303Z,39,61,no
240,a87bca81-1ba4-4832-b30e-6cfcf0090e14,U3-22FEB-T3.9,87,2022-03-03T16:09:04.19303Z,41,59,no
241,8e1c7366-18da-4fd7-8104-30f7fe58802b,U3-22FEB-T3.9,10,2022-03-03T16:09:04.19303Z,43,57,no
242,7c9b1c33-4abf-41c0-8f89-f6eb1fd651a4,U3-22FEB-T3.9,92,2022-03-03T16:09:04.19303Z,42,58,no
243,416b9201-4816-4685-a7c3-e4ebc3998185,U3-22FEB-T3.9,30,2022-03-03T15:19:55.131732Z,43,57,no
244,2a158e0d-9c45-4495-b637-1d2ed988f8af,U3-22FEB-T3.9,30,2022-03-02T20:33:04.630177Z,47,53,yes
245,b46c8c00-cdd2-417e-94b3-c5ed656f1d73,U3-22FEB-T3.9,51,2022-03-02T15:24:43.331431Z,43,57,no
246,f61689ce-431a-4404-817d-6e0b541e7695,U3-22FEB-T3.9,87,2022-03-02T15:22:59.598548Z,44,56,no
247,af87190d-e13c-43f5-a447-7c8e29c77877,U3-22FEB-T3.9,89,2022-03-02T15:22:59.598548Z,45,55,no
248,a55adee1-9438-480e-8d69-4b26467bcd19,U3-22FEB-T3.9,22,2022-03-02T15:22:59.598548Z,43,57,no
249,f0ee28a1-c9d8-404e-ab0d-562dae2ec631,U3-22FEB-T3.9,34,2022-03-01T14:57:35.071962Z,46,54,no
250,b18df222-9199-4b1c-9386-1306b11dd08d,U3-22FEB-T3.9,10,2022-02-26T19:35:53.755845Z,46,54,no
251,c0eec90f-77ab-400e-a1e5-ac5b536c4eb4,U3-22FEB-T3.9,26,2022-02-23T19:09:38.485609Z,50,50,yes
252,2dfccd26-229e-4105-aa83-7db575c58b1f,U3-22FEB-T3.9,3,2022-02-23T19:09:38.485609Z,49,51,yes
253,1b1daf2a-16c6-4596-b14d-d7bcad247ef0,U3-22FEB-T3.9,21,2022-02-23T19:09:38.485609Z,49,51,yes
254,453a41e1-a5dd-4c84-b969-6da7550f017b,U3-22FEB-T3.9,17,2022-02-17T21:39:10.616744Z,45,55,no
255,d97211b0-ece9-4f8f-95e1-3dec27ac5d15,U3-22FEB-T3.9,53,2022-02-15T00:31:05.053039Z,46,54,no
256,d2b1ce19-577c-4a20-aab2-dfd39190c263,U3-22FEB-T3.9,38,2022-02-15T00:31:05.053039Z,47,53,no
257,c6af3494-3cee-48e9-9c55-3a6011a30b07,U3-22FEB-T3.9,10,2022-02-15T00:31:05.053039Z,46,54,no
258,6e0a5e45-62b9-433d-9795-ab4b75ee32b8,U3-22FEB-T3.9,3,2022-02-15T00:31:05.053039Z,46,54,no
259,05b010a6-1038-468a-a73c-0b1b3d7b1f24,U3-22FEB-T3.9,3,2022-02-15T00:31:05.053039Z,47,53,no
260,926bf4a9-c13d-4523-bf98-100a10bad607,U3-22FEB-T3.9,1,2022-02-13T20:10:13.950801Z,49,51,yes
261,dbde600a-17dd-4a6e-a055-52ff26b0cd6c,U3-22FEB-T3.9,4,2022-02-13T15:25:01.028163Z,46,54,no
262,8ce8261a-120f-4178-82b3-dfd8f39ef9c4,U3-22FEB-T3.9,2,2022-02-13T15:25:01.028163Z,46,54,no
263,822da932-8ad7-4c9e-848a-507fe253dc92,U3-22FEB-T3.9,3,2022-02-13T15:25:01.028163Z,47,53,no
264,7340552f-d73f-40bb-bef5-50a1c67a9688,U3-22FEB-T3.9,54,2022-02-13T15:25:01.028163Z,46,54,no
265,d3db18c0-ebb6-4f4a-ac12-994c6e610b27,U3-22FEB-T3.9,53,2022-02-12T17:59:40.556608Z,48,52,yes
266,d15e70f9-3075-4867-8c42-e9cddf5ce417,U3-22FEB-T3.9,4,2022-02-12T17:59:40.556608Z,47,53,yes
267,d032b8b7-ed1b-4c84-99cd-6f2f3c2cd8fc,U3-22FEB-T3.9,4,2022-02-12T17:59:40.556608Z,50,50,yes
268,be94e4da-b280-4d1b-8834-b6c25ef56bef,U3-22FEB-T3.9,51,2022-02-12T17:59:40.556608Z,50,50,yes
269,a0711220-4650-4700-92cd-d9ac44aed72b,U3-22FEB-T3.9,51,2022-02-12T17:59:40.556608Z,49,51,yes
270,620abeaa-06a9-4638-8dc4-7f5e9195a28a,U3-22FEB-T3.9,4,2022-02-12T17:59:40.556608Z,48,52,yes
271,5f326007-06a4-4cbc-b159-0758de2d0cd4,U3-22FEB-T3.9,27,2022-02-12T17:59:40.556608Z,47,53,yes
272,0fddd3d8-64bf-4345-a767-319dd01c6d31,U3-22FEB-T3.9,4,2022-02-12T17:59:40.556608Z,49,51,yes
273,2fb57224-a606-46a5-b79a-a435bcd18715,U3-22FEB-T4.0,37,2022-03-04T13:19:15.572836Z,12,88,no
274,802f5938-7c38-4f7b-8160-7ff144dc61d2,U3-22FEB-T4.0,8,2022-03-04T13:07:04.361635Z,12,88,no
275,4b6bf6d7-6e71-46c7-a910-cce01d0a1dc7,U3-22FEB-T4.0,70,2022-03-04T13:06:36.072204Z,12,88,no
276,f2d2afe1-084b-4aeb-8f8d-044b71325b17,U3-22FEB-T4.0,107,2022-03-04T13:06:15.38585Z,13,87,no
277,2991687b-a8b3-44db-8a84-6dc8f9cde3e4,U3-22FEB-T4.0,102,2022-03-04T13:06:05.364519Z,14,86,no
278,9bf2b7d5-ee74-40d1-bffb-1e7d133511a0,U3-22FEB-T4.0,95,2022-03-04T13:05:54.50139Z,15,85,no
279,e7a8d505-5487-41af-8b24-c2b849247382,U3-22FEB-T4.0,96,2022-03-04T13:05:43.095586Z,16,84,no
280,fcf0683f-c1b1-4412-b27f-647566a37b2a,U3-22FEB-T4.0,88,2022-03-04T13:05:06.410059Z,17,83,no
281,8a7bacee-d82e-46ea-97aa-67f51d613ee3,U3-22FEB-T4.0,85,2022-03-04T13:04:56.044171Z,18,82,no
282,e90fd388-3e16-40d4-a5f9-f20845a37ef3,U3-22FEB-T4.0,29,2022-03-04T02:04:31.353891Z,20,80,yes
283,cb637ff4-dadb-4d0c-b100-ad06b26210c3,U3-22FEB-T4.0,81,2022-03-04T02:04:31.353891Z,21,79,yes
284,3b0194ff-eb41-45e5-be62-458c6ab17a0d,U3-22FEB-T4.0,26,2022-03-04T02:04:31.353891Z,22,78,yes
285,fe2b29cc-0ea4-4e51-9a23-45b646ab3851,U3-22FEB-T4.0,62,2022-03-03T21:31:41.978599Z,17,83,no
286,c25f97a7-a453-455a-8984-22bb736ce370,U3-22FEB-T4.0,70,2022-03-03T21:31:41.978599Z,19,81,no
287,be19b30e-0903-4a75-b251-fca469ef3a30,U3-22FEB-T4.0,85,2022-03-03T21:31:41.978599Z,18,82,no
288,592b4ea1-cf81-4c80-a0d4-4107aad4db88,U3-22FEB-T4.0,15,2022-03-03T18:37:01.11172Z,19,81,no
289,c2907921-b55d-4d30-ae20-0da93ee1ece5,U3-22FEB-T4.0,75,2022-03-03T16:08:45.338351Z,21,79,no
290,a1500e7e-4b4f-4538-859f-50fdcfec910c,U3-22FEB-T4.0,51,2022-03-03T16:08:45.338351Z,23,77,no
291,69d4ef02-0fbd-4af2-8dcc-f99996bec4a6,U3-22FEB-T4.0,75,2022-03-03T16:08:45.338351Z,22,78,no
292,4d1f85e4-ae66-4c2f-8cfc-d128f4844fb5,U3-22FEB-T4.0,79,2022-03-03T16:08:45.338351Z,20,80,no
293,1371da26-1587-4d20-a95b-f655749ec27e,U3-22FEB-T4.0,6,2022-03-03T15:48:27.146822Z,23,77,no
294,d370f2f9-12ac-4055-9dad-1198acfc90fa,U3-22FEB-T4.0,49,2022-03-03T15:30:50.449649Z,24,76,no
295,279a446d-ef79-4fbe-8485-67b8a569f77b,U3-22FEB-T4.0,15,2022-03-03T15:30:50.449649Z,23,77,no
296,6939ff92-73f1-4bdb-b690-90e94cded7a3,U3-22FEB-T4.0,20,2022-03-01T18:48:02.909569Z,24,76,no
297,c4d85b56-7ebf-4232-8138-033fc0a2dd53,U3-22FEB-T4.0,71,2022-03-01T14:57:45.456252Z,25,75,no
298,2b0b6339-6f94-4ce7-a601-78e1cf660a40,U3-22FEB-T4.0,20,2022-03-01T14:57:45.456252Z,26,74,no
299,0322dfb9-4a24-449f-a0bf-31719a1aa44d,U3-22FEB-T4.0,5,2022-02-26T22:21:18.444678Z,26,74,no
300,bf459845-b055-4b9b-9612-0ff8f1196c66,U3-22FEB-T4.0,40,2022-02-26T01:32:30.830543Z,26,74,no
301,9f1ac9cc-dc3a-4a91-9320-ee5fc9490966,U3-22FEB-T4.0,4,2022-02-26T01:32:18.538012Z,27,73,no
302,3e97c5f0-28d7-417c-982b-dd0453c39a99,U3-22FEB-T4.0,50,2022-02-26T01:32:18.538012Z,27,73,no
303,bfc341f8-094d-417f-9fb2-a8e222482b82,U3-22FEB-T4.0,3,2022-02-23T18:20:47.167888Z,29,71,no
304,b431d475-1d84-4c5d-9feb-6ad506a36dc0,U3-22FEB-T4.0,43,2022-02-23T18:20:47.167888Z,29,71,no
305,4c9136a6-e462-448d-9a76-d4ec7999b85a,U3-22FEB-T4.0,4,2022-02-23T18:20:47.167888Z,27,73,no
306,450555ab-dcf2-4629-88c6-d91864103f44,U3-22FEB-T4.0,3,2022-02-23T18:20:47.167888Z,28,72,no
307,326c127e-9839-4f8f-bae5-d6733d07a7fb,U3-22FEB-T4.0,14,2022-02-23T18:20:47.167888Z,29,71,no
308,1791961f-45b7-49bb-b652-fa28c4f56dc1,U3-22FEB-T4.0,42,2022-02-23T18:20:47.167888Z,28,72,no
309,0c6d514d-f76b-4733-b59b-e9e262d6f262,U3-22FEB-T4.0,27,2022-02-23T18:20:47.167888Z,30,70,no
310,e6f69e23-2453-4af0-8edc-05105aec7269,U3-22FEB-T4.0,3,2022-02-21T16:03:28.456693Z,32,68,yes
311,921bcaad-6642-4641-bce5-e3b546941be1,U3-22FEB-T4.0,3,2022-02-21T16:03:28.456693Z,33,67,yes
312,61c7fe85-479b-476c-913a-14efb4981cb1,U3-22FEB-T4.0,42,2022-02-21T16:03:28.456693Z,31,69,yes
313,5d69af91-2b05-4581-957f-06c580334e4b,U3-22FEB-T4.0,5,2022-02-21T16:03:28.456693Z,30,70,yes
314,5a70272b-1103-4ca5-94df-8a207cab2d36,U3-22FEB-T4.0,3,2022-02-21T16:03:28.456693Z,31,69,yes
315,46345fab-4565-4457-8531-4f2c9dd28c03,U3-22FEB-T4.0,38,2022-02-21T16:03:28.456693Z,32,68,yes
316,3e496320-f200-4c46-9715-fcdf7a8808e4,U3-22FEB-T4.0,13,2022-02-21T16:03:28.456693Z,34,66,yes
317,38088b0a-9570-4e06-a8e0-38da20f5b64d,U3-22FEB-T4.0,3,2022-02-21T16:03:28.456693Z,30,70,yes
318,10753d28-78a6-4e30-91d1-a73be58f2f84,U3-22FEB-T4.0,38,2022-02-21T16:03:28.456693Z,33,67,yes
319,8278c62b-062f-4f72-9c62-a2f4e8fbb524,U3-22FEB-T4.0,6,2022-02-21T04:17:36.511259Z,30,70,yes
320,6946c974-9fb8-4c18-9662-03105584e95b,U3-22FEB-T4.0,2,2022-02-14T13:00:37.95805Z,27,73,yes
321,d569698d-58a1-4da9-a4fd-95c718f145b9,U3-22FEB-T4.0,10,2022-02-10T18:28:45.120866Z,24,76,no
322,6bf9634a-09e1-4e6d-b726-11b7e48be932,U3-22FEB-T4.0,2,2022-02-04T23:25:53.235344Z,24,76,no
323,c811c990-0fa3-4298-9219-e4a9182c0296,U3-22FEB-T4.0,37,2022-02-04T21:23:03.534305Z,23,77,yes
324,7caca60f-e514-443a-b279-90d7b7a8b576,U3-22FEB-T4.0,48,2022-02-04T21:23:03.534305Z,24,76,yes
325,7b9e5f3f-d402-4823-8c06-a911a15399ac,U3-22FEB-T4.0,43,2022-02-04T21:23:03.534305Z,27,73,yes
326,79a5f801-4bb7-4ad7-82f9-5c1394358f8a,U3-22FEB-T4.0,44,2022-02-04T21:23:03.534305Z,26,74,yes
327,11566943-5933-4a94-8ad9-4b13b1956d1f,U3-22FEB-T4.0,45,2022-02-04T21:23:03.534305Z,25,75,yes
328,bf99c580-7fb3-4e6b-9009-65af357a59e2,U3-22MAR-T3.6,19,2022-03-31T23:20:45.954524Z,77,23,yes
329,ec9d5139-3d24-49a7-bf0e-b6e83b04afa5,U3-22MAR-T3.6,38,2022-03-31T23:20:28.092964Z,77,23,yes
330,be748fcf-88fc-4293-9196-e4a9eaefb0c5,U3-22MAR-T3.6,14,2022-03-31T23:20:28.092964Z,76,24,yes
331,11cb00fe-e2d7-4615-81cd-b5bd6f40c6f9,U3-22MAR-T3.6,52,2022-03-31T23:20:14.745156Z,73,27,no
332,9bdc458c-891b-4fa1-b83c-ff374a58be98,U3-22MAR-T3.6,6,2022-03-31T23:04:34.660482Z,76,24,yes
333,8a2bdbf8-d10d-4483-9ba7-84fdcebb2761,U3-22MAR-T3.6,6,2022-03-31T21:39:24.333527Z,76,24,yes
334,11054597-0681-4119-80f3-4da86aa49c2b,U3-22MAR-T3.6,1,2022-03-31T21:15:36.942512Z,76,24,yes
335,3c2f131f-c2f0-4eb2-95d1-815a158c3608,U3-22MAR-T3.6,10,2022-03-31T20:16:55.940201Z,76,24,yes
336,e8f6afe1-15c7-43ef-a16c-ce20d91b5a17,U3-22MAR-T3.6,64,2022-03-31T19:42:01.656119Z,76,24,yes
337,de7190ff-6b49-4ecd-a839-594221c3d571,U3-22MAR-T3.6,200,2022-03-31T19:15:37.52504Z,73,27,no
338,74002b66-372c-4690-8a4a-50328963bde1,U3-22MAR-T3.6,117,2022-03-31T01:11:37.184377Z,77,23,yes
339,529fc12c-14fc-4aa9-8b60-edd6305fa7bb,U3-22MAR-T3.6,10,2022-03-31T01:11:37.184377Z,76,24,yes
340,73f10fdc-6b65-4179-ad5e-b91b34aea054,U3-22MAR-T3.6,10,2022-03-30T12:27:06.771563Z,73,27,no
341,d68f061d-388c-4a4d-b563-7e2bc6d1c019,U3-22MAR-T3.6,10,2022-03-28T19:30:31.229294Z,81,19,yes
342,efbacadb-ac09-45f0-b9f8-fcb191faf849,U3-22MAR-T3.6,60,2022-03-28T15:37:38.292584Z,81,19,yes
343,b3921a28-bbd6-48b5-8538-737ee06c112e,U3-22MAR-T3.6,286,2022-03-26T20:43:29.151214Z,81,19,no
344,62697601-850d-4289-ac96-97fdd0d4eb5c,U3-22MAR-T3.6,120,2022-03-26T20:43:04.487789Z,82,18,no
345,652b0528-0251-4c2d-bbce-dbc0d411037b,U3-22MAR-T3.6,100,2022-03-26T00:46:17.552177Z,82,18,no
346,986ad7ce-5093-4f38-8739-05b9a2940a03,U3-22MAR-T3.6,52,2022-03-25T23:07:10.481226Z,82,18,no
347,e821251b-0170-4403-836f-afa3eda83d3d,U3-22MAR-T3.6,278,2022-03-25T22:38:17.881294Z,83,17,no
348,fcf5f7dc-7963-41cb-ba9e-77ce5c4e4fbd,U3-22MAR-T3.6,2,2022-03-25T22:37:18.887922Z,86,14,no
349,031c654d-f9bc-43b1-acc0-2b0036407372,U3-22MAR-T3.7,20,2022-03-31T21:44:36.068634Z,39,61,no
350,fc2a5bae-e912-477b-a3df-3989ac9b4c84,U3-22MAR-T3.7,175,2022-03-31T19:15:24.387584Z,42,58,no
351,be3d8261-1555-4ade-901b-764b5f7b710a,U3-22MAR-T3.7,113,2022-03-31T19:15:24.387584Z,43,57,no
352,8c69d14a-91c9-444d-a6bc-0ad83c2206e6,U3-22MAR-T3.7,171,2022-03-31T19:15:24.387584Z,41,59,no
353,58c9e149-6ea7-4512-90c3-c26a3b81bda2,U3-22MAR-T3.7,172,2022-03-31T19:15:24.387584Z,40,60,no
354,81a3b426-87dc-4f41-8917-80e7548282b1,U3-22MAR-T3.7,2,2022-03-31T19:14:22.984304Z,47,53,yes
355,ba422155-533f-4e75-bdb5-44f4629f1c56,U3-22MAR-T3.7,52,2022-03-31T18:40:07.115806Z,43,57,no
356,779d2b5b-08db-4ad8-a261-a7ab259d34c9,U3-22MAR-T3.7,120,2022-03-31T18:40:07.115806Z,44,56,no
357,6cb93520-3ed6-4121-afee-29ec80664d09,U3-22MAR-T3.7,53,2022-03-31T18:40:00.736582Z,44,56,no
358,36157a6d-198f-4caf-8ddf-d62a323b7656,U3-22MAR-T3.7,122,2022-03-31T18:40:00.736582Z,45,55,no
359,a4c7875d-f5b5-4aec-8382-7ba19a88c5b1,U3-22MAR-T3.7,132,2022-03-31T18:35:34.765042Z,46,54,no
360,606a8428-de2c-41cb-ae71-2ec82b2614bb,U3-22MAR-T3.7,46,2022-03-31T18:35:34.765042Z,45,55,no
361,cab8cf23-54eb-449c-87f3-e8457087a9d9,U3-22MAR-T3.7,147,2022-03-31T17:38:26.255614Z,47,53,no
362,0193ed7a-7a00-47e2-b277-6e14eef24e8d,U3-22MAR-T3.7,35,2022-03-31T17:38:26.255614Z,46,54,no
363,8a4648da-47c9-4d01-b564-3d773828e4fa,U3-22MAR-T3.7,37,2022-03-30T13:07:31.501668Z,51,49,yes
364,5c5bee26-4d9d-40b5-8fa7-5b07b1127870,U3-22MAR-T3.7,10,2022-03-30T12:26:12.138557Z,51,49,yes
365,6db2603b-3661-4280-be7a-66c5bdd25439,U3-22MAR-T3.7,3,2022-03-28T19:30:16.988109Z,55,45,yes
366,8e872e2f-b6fb-474e-a658-e5b8e9371426,U3-22MAR-T3.7,88,2022-03-28T15:37:21.639159Z,55,45,yes
367,c6c5c349-0a58-4c9a-82e7-97942d37ae3c,U3-22MAR-T3.7,17,2022-03-26T23:34:35.845473Z,55,45,yes
368,7ede56c3-ce7a-4a30-bfe4-56548633a02a,U3-22MAR-T3.7,30,2022-03-26T20:43:11.555382Z,55,45,no
369,8bd7e659-b5eb-4949-83c1-9673182faf52,U3-22MAR-T3.7,2,2022-03-26T19:00:44.773218Z,55,45,no
370,c1b1af07-d0f7-4086-86fb-dcf76f91ad66,U3-22MAR-T3.7,100,2022-03-26T00:45:51.084274Z,55,45,no
371,32fa9922-54b0-404b-b805-6fe47fad54b8,U3-22MAR-T3.7,21,2022-03-25T23:07:04.928912Z,55,45,no
372,c6988eef-0948-4f11-915a-fea7d4cdd826,U3-22MAR-T3.7,168,2022-03-25T22:38:35.87296Z,60,40,no
373,c451ff17-ad81-40b6-9f2e-ccdc6ac03286,U3-22MAR-T3.7,174,2022-03-25T22:38:35.87296Z,58,42,no
374,c0efdd07-5d7c-4c9b-b53f-ecc35ae75ff8,U3-22MAR-T3.7,175,2022-03-25T22:38:35.87296Z,59,41,no
375,875a638a-9460-470e-9008-d702397dc52e,U3-22MAR-T3.7,171,2022-03-25T22:38:35.87296Z,57,43,no
376,2c86c103-503a-47e0-926a-f747a2503958,U3-22MAR-T3.7,171,2022-03-25T22:38:35.87296Z,56,44,no
377,9f5cb7cd-964b-4daa-bce6-bc67f36a56e9,U3-22MAR-T3.7,180,2022-03-25T22:24:47.577363Z,62,38,no
378,8faa292d-c153-492a-8406-60f18cd9f974,U3-22MAR-T3.7,183,2022-03-25T22:24:47.577363Z,63,37,no
379,8ea4fb6a-df2e-44dd-8ffa-4bd0a018801e,U3-22MAR-T3.7,179,2022-03-25T22:24:47.577363Z,61,39,no
380,2abf3290-6e15-40ff-9013-6260c792dcaa,U3-22MAR-T3.7,187,2022-03-25T22:24:47.577363Z,64,36,no
381,15ad10ff-4c09-4f02-a285-a2ba47503908,U3-22MAR-T3.7,160,2022-03-25T22:24:47.577363Z,65,35,no
382,fb7c9ebe-62da-462d-ada9-a72c49968655,U3-22MAR-T3.7,10,2022-03-23T23:22:04.457938Z,65,35,no
383,281390fe-4a66-4399-9715-5d7042a28f3e,U3-22MAR-T3.7,10,2022-03-06T19:55:45.392007Z,69,31,yes
384,9c91765b-373d-4746-a853-4c1b6bbb5a0a,U3-22MAR-T3.7,7,2022-03-04T18:06:23.975636Z,69,31,yes
385,1a56ef70-bb55-40e4-9a89-938b959022ff,U3-22MAR-T3.8,142,2022-03-31T19:43:19.061074Z,17,83,no
386,aa6d3a1b-7741-4fca-b144-91c3669fd984,U3-22MAR-T3.8,279,2022-03-31T19:42:25.50537Z,18,82,no
387,46df679b-f462-475a-a3c4-40f63e4bae1b,U3-22MAR-T3.8,268,2022-03-31T19:42:17.766649Z,19,81,no
388,f38041e3-c7c5-41eb-88cf-fa06e97ada58,U3-22MAR-T3.8,269,2022-03-31T19:42:12.665089Z,20,80,no
389,4493e136-8403-4b99-8384-66ebab79f552,U3-22MAR-T3.8,78,2022-03-31T19:42:06.484558Z,21,79,no
390,a4a941fc-bc06-4982-89f3-3c33d090c2e2,U3-22MAR-T3.8,62,2022-03-31T19:41:49.741891Z,21,79,no
391,56cf71ac-79bf-4768-9af3-9d6e00bd6f86,U3-22MAR-T3.8,110,2022-03-31T19:36:34.2725Z,21,79,no
392,430d085c-a842-4755-bf3e-edfca5b99805,U3-22MAR-T3.8,223,2022-03-31T19:14:56.522075Z,23,77,no
393,103b1469-c005-49a6-914c-50ad511da5c9,U3-22MAR-T3.8,245,2022-03-31T19:14:56.522075Z,22,78,no
394,a6baf160-18c0-4ea1-9d96-c43ee2044eb4,U3-22MAR-T3.8,17,2022-03-31T18:27:09.986779Z,23,77,no
395,55f381dc-71f9-4191-89cf-301b35d0e492,U3-22MAR-T3.8,135,2022-03-31T18:27:09.986779Z,25,75,no
396,3068c592-b66e-40f6-b069-03cf1b4736ec,U3-22MAR-T3.8,237,2022-03-31T18:27:09.986779Z,24,76,no
397,ef2ca2ff-86d7-4fda-9add-d703a044b90b,U3-22MAR-T3.8,34,2022-03-31T17:43:58.384489Z,26,74,no
398,e4ac77ec-ca93-427b-aafb-99eaa16e951f,U3-22MAR-T3.8,97,2022-03-31T17:43:58.384489Z,25,75,no
399,4cf0f6ff-14b4-4dab-ba32-9d2a43a40f3a,U3-22MAR-T3.8,132,2022-03-31T17:30:53.45413Z,26,74,no
400,fea6a0ef-db34-4f87-a050-90a3f4ec1bdf,U3-22MAR-T3.8,44,2022-03-31T17:30:09.977998Z,26,74,no
401,a917e8eb-3f8c-4f8c-8351-8916781ff95c,U3-22MAR-T3.8,89,2022-03-31T17:30:09.977998Z,27,73,no
402,3a1c30b3-68ba-45b9-9604-fff81ad7e2a5,U3-22MAR-T3.8,134,2022-03-31T17:29:52.986843Z,27,73,no
403,52f9bc7d-1cca-4948-87f8-91cf480331ed,U3-22MAR-T3.8,136,2022-03-31T17:27:28.111815Z,28,72,no
404,27e85b0e-751c-49a8-8f9d-0868970770e1,U3-22MAR-T3.8,3,2022-03-29T15:03:35.075556Z,32,68,no
405,039b5b46-b2fc-4989-aaaa-e9407ef6437d,U3-22MAR-T3.8,10,2022-03-28T19:30:51.551108Z,32,68,no
406,9b4f448f-cf07-48fa-a0c1-a07de3168b08,U3-22MAR-T3.8,7,2022-03-26T23:34:51.574597Z,33,67,no
407,99a5b8de-f5af-43c3-ac0a-cf6f843d729f,U3-22MAR-T3.8,36,2022-03-26T23:34:51.574597Z,32,68,no
408,7a78f336-3245-458e-9e20-2dfc70046fd8,U3-22MAR-T3.8,58,2022-03-25T23:07:34.225633Z,33,67,no
409,bf204c6a-7fd9-4104-a8be-1102173bc65e,U3-22MAR-T3.8,2,2022-03-25T22:50:08.1546Z,33,67,no
410,cce7e89b-35f9-48c5-aea2-50fa1212bb92,U3-22MAR-T3.8,12,2022-03-14T17:40:33.753811Z,37,63,yes
411,61f8b107-8a80-4701-a8ad-1ef761ed0ff8,U3-22MAR-T3.8,2,2022-03-07T00:24:52.719698Z,37,63,yes
412,f7a8fb3e-2b63-4215-bb7f-24979509f653,U3-22MAR-T3.8,56,2022-03-06T02:19:19.853124Z,36,64,yes
413,f13c22e8-c548-4a4c-aad8-7ad396928dc6,U3-22MAR-T3.8,36,2022-03-06T02:18:54.560862Z,35,65,yes
414,4a18ba4d-e8e1-4f73-b8e0-8636d4cd310d,U3-22MAR-T3.8,1,2022-03-04T21:54:26.70918Z,31,69,no
415,bf6c0873-ee3c-4901-b443-9a88b0a4e7d0,U3-22APR-T3.3,10,2022-05-06T12:16:03.109323Z,97,3,yes
416,cc56f0d4-d9f8-4bf0-ab19-511959325376,U3-22APR-T3.3,1198,2022-05-06T12:12:32.119099Z,97,3,yes
417,34404e42-552b-469f-a2ee-1a4ab90a31ab,U3-22APR-T3.3,702,2022-05-06T12:12:32.119099Z,97,3,yes
418,fc8c7284-8da9-4ac5-bab9-342f551a379c,U3-22APR-T3.3,48,2022-05-06T12:11:43.080883Z,96,4,yes
419,dd64b2d9-12a6-4bc4-a812-d5f0e5256017,U3-22APR-T3.3,748,2022-05-05T13:52:40.80466Z,94,6,yes
420,9c24233b-bdaa-43be-96b1-4b9f297e6dd8,U3-22APR-T3.3,238,2022-05-03T03:02:53.098854Z,93,7,yes
421,2d713af5-ecb3-458e-b5ec-f6c6b8c2dd1e,U3-22APR-T3.3,350,2022-05-02T20:18:49.890215Z,93,7,yes
422,4a4d093d-056a-45e2-abb0-e49c0f0285dd,U3-22APR-T3.3,361,2022-05-02T12:15:43.953314Z,92,8,yes
423,c829daa9-4093-4094-bbe4-dcf2608f2bde,U3-22APR-T3.3,200,2022-05-02T12:11:07.463298Z,92,8,yes
424,4c51b430-6533-401d-b294-8ebb76df60d7,U3-22APR-T3.4,75,2022-05-06T12:15:21.56484Z,73,27,yes
425,4749139b-d04d-4734-93fa-73abbbc2309c,U3-22APR-T3.4,221,2022-05-06T12:13:59.051575Z,72,28,yes
426,ade79be6-bcd0-4a44-8ddc-8aca8cf2c17e,U3-22APR-T3.4,10,2022-05-06T00:24:07.951016Z,97,3,yes
427,7617b4ca-5dcd-40a5-aa26-f392aed30f52,U3-22APR-T3.4,201,2022-05-06T00:24:07.951016Z,70,30,yes
428,5a5b3fb6-4855-4b08-a572-36135313e19c,U3-22APR-T3.4,35,2022-05-06T00:24:07.951016Z,97,3,yes
429,3ed517cc-f7fe-4153-bea6-c64d0ccfc4db,U3-22APR-T3.4,208,2022-05-06T00:24:07.951016Z,69,31,yes
430,02fcb9a6-41d1-44b2-ab26-60772f0c9308,U3-22APR-T3.4,46,2022-05-06T00:24:07.951016Z,68,32,yes
431,336e8aba-8636-4b4c-a22c-4a61adfbf90a,U3-22APR-T3.4,98,2022-05-05T22:21:03.711076Z,64,36,no
432,4dede4b2-a32c-49d3-8e0b-e4f2822901a9,U3-22APR-T3.4,74,2022-05-05T19:57:39.658748Z,65,35,no
433,17102d15-5fe6-4d7e-b095-84910712dbe3,U3-22APR-T3.4,122,2022-05-05T19:57:08.922516Z,65,35,no
434,c855e0e1-b27c-4d1f-a314-f1036f319b6c,U3-22APR-T3.4,100,2022-05-05T16:46:33.51811Z,66,34,no
435,5dc2cd3c-3eca-4e71-9263-7e306247ca2b,U3-22APR-T3.4,48,2022-05-05T16:46:33.51811Z,66,34,no
436,711a8baa-c2e1-49f2-b7da-099ede23067f,U3-22APR-T3.4,203,2022-05-05T15:15:58.072128Z,69,31,yes
437,4f45adc9-d4f9-483a-9df1-8ea934900471,U3-22APR-T3.4,203,2022-05-05T14:25:04.101496Z,68,32,yes
438,285e1c79-4c86-487f-b326-e7697d6a4a28,U3-22APR-T3.4,32,2022-05-05T14:25:04.101496Z,67,33,yes
439,f79ea61f-195c-44ae-8765-5a73552db460,U3-22APR-T3.4,50,2022-05-03T20:13:03.345723Z,64,36,no
440,893746f7-d88b-45a8-be60-8c14a216212d,U3-22APR-T3.4,79,2022-05-03T19:59:29.815411Z,64,36,no
441,7c71c1c4-7349-4560-a20d-2281899afdc9,U3-22APR-T3.4,1,2022-05-03T19:59:29.815411Z,64,36,no
442,7b28fc85-32c6-485f-9127-027822996958,U3-22APR-T3.4,30,2022-05-03T18:02:49.560926Z,66,34,no
443,ca928a32-5c62-474e-9e8e-85d150c4e779,U3-22APR-T3.4,31,2022-05-03T14:58:08.899635Z,66,34,no
444,f1b364c6-e9af-42a8-bff6-a2b522bef9d7,U3-22APR-T3.4,25,2022-05-03T14:53:45.928877Z,66,34,no
445,4e33123b-9ec1-4b71-82e6-06285e883dd0,U3-22APR-T3.4,34,2022-05-03T14:53:21.165833Z,67,33,no
446,f9f7c559-6942-4a63-91a9-bd7de88e9a7f,U3-22APR-T3.4,100,2022-05-03T14:52:52.758657Z,67,33,no
447,ed8545fc-cf1b-482b-acfb-a055faa00564,U3-22APR-T3.4,100,2022-05-03T14:52:13.815341Z,68,32,yes
448,f4b94bdf-2da0-49d8-95b7-19d484871408,U3-22APR-T3.4,66,2022-05-02T12:15:17.827124Z,67,33,yes
449,eaba3147-c38a-4671-830c-e83670125587,U3-22APR-T3.4,1,2022-04-21T17:22:51.648755Z,67,33,yes
450,cc7338f0-81f0-4533-b216-b09c703bb3c8,U3-22APR-T3.4,23,2022-04-21T17:22:51.648755Z,67,33,yes
451,a3fc1ef4-32ec-44f1-9944-5f3b578bab9a,U3-22APR-T3.4,1,2022-04-04T15:12:46.224397Z,67,33,yes
452,71800d10-3932-4d61-9437-9611c0cab656,U3-22APR-T3.5,7,2022-05-05T22:17:30.414669Z,28,72,no
453,1250a164-f4f9-44e7-9072-5c69a254b4b9,U3-22APR-T3.5,44,2022-05-05T22:17:30.414669Z,27,73,no
454,ba59c305-bfbd-4928-81a5-f36171becfee,U3-22APR-T3.5,46,2022-05-05T22:11:56.468269Z,31,69,yes
455,206045b5-4d1c-453a-bc1b-ccc4ed9d4de2,U3-22APR-T3.5,4,2022-05-05T22:11:56.468269Z,32,68,yes
456,fec08be2-69bc-4ae1-b277-f896fd6bab07,U3-22APR-T3.5,15,2022-05-05T19:24:55.777635Z,32,68,yes
457,da498ccc-ee7a-4ec8-869a-4dd88d9221e1,U3-22APR-T3.5,195,2022-05-05T18:14:59.937661Z,28,72,no
458,ddf8bab7-b295-4737-ba52-aa73664a6e8c,U3-22APR-T3.5,189,2022-05-05T14:15:34.929063Z,31,69,yes
459,50d91f11-88b9-410d-91d3-6d6b80b21034,U3-22APR-T3.5,111,2022-05-05T14:15:34.929063Z,32,68,yes
460,0b6398fc-2813-4dda-9db2-838b569827ec,U3-22APR-T3.5,100,2022-05-04T12:18:37.384717Z,27,73,no
461,0ac8db7b-4172-4530-ad40-f87386f32f4e,U3-22APR-T3.5,100,2022-05-03T14:23:11.421946Z,31,69,yes
462,4f957c7d-da28-4d1e-b109-a1d7a5ecb15c,U3-22APR-T3.5,18,2022-05-02T18:41:55.264567Z,30,70,no
463,15db10eb-231c-4552-a948-a01859bf8b87,U3-22APR-T3.5,2,2022-05-02T18:41:55.264567Z,30,70,no
464,131b3313-4f5c-41f2-8da8-dfc50f6104ee,U3-22APR-T3.5,1,2022-05-02T16:02:33.650007Z,31,69,yes
465,cacdb439-51bf-4786-8416-3e41f688d4e0,U3-22APR-T3.5,4,2022-04-23T22:19:29.140227Z,31,69,yes
466,3bb35b24-9df5-490e-b11e-4e3d3d164e27,U3-22APR-T3.5,82,2022-04-22T13:08:39.848773Z,30,70,yes
467,38e512ba-8046-436c-ac82-e028822a1b81,U3-22APR-T3.5,10,2022-04-19T22:00:49.569536Z,26,74,no
468,f99ada07-41c5-4cb2-8ca9-7715056b51d5,U3-22APR-T3.6,756,2022-05-06T12:13:45.228824Z,12,88,no
469,f0021556-4f18-441b-9942-5241fdfa133b,U3-22APR-T3.6,50,2022-05-05T18:46:20.903477Z,12,88,yes
470,7fff7d23-7e15-4993-a58d-3631c07e3398,U3-22APR-T3.7,88,2022-05-06T12:14:21.954738Z,6,94,no
471,2128f800-3b6a-4030-b4af-50305528c99a,U3-22APR-T3.7,20,2022-05-04T19:37:30.352943Z,5,95,yes
472,220e8fe9-a7ca-4c58-9dd4-7a62e482fc6a,U3-22MAY-T3.4,1,2022-06-02T22:26:26.312152Z,97,3,yes
473,a634ceec-ab61-42c4-91b1-dbec480cd15b,U3-22MAY-T3.4,10,2022-06-02T19:39:53.802097Z,94,6,no
474,fadfc117-084e-479d-93eb-69c04354045e,U3-22MAY-T3.4,15,2022-06-02T16:12:47.690844Z,94,6,no
475,31f1605c-3504-4a51-a7d3-0a87ccea8515,U3-22MAY-T3.4,103,2022-06-01T14:06:53.563307Z,96,4,no
476,cc173345-38bb-4535-8fcc-b2cb3716518e,U3-22MAY-T3.4,234,2022-05-30T15:02:08.520729Z,95,5,yes
477,ec671554-fe04-48c1-9c9f-c6a133891bfb,U3-22MAY-T3.4,202,2022-05-28T14:17:17.73433Z,94,6,yes
478,1acc2207-4f71-4085-a657-463df214b0bc,U3-22MAY-T3.4,25,2022-05-28T14:17:17.73433Z,94,6,yes
479,cbea3294-cbc9-4bd7-a687-39c552e909fc,U3-22MAY-T3.4,179,2022-05-26T19:38:03.296757Z,93,7,yes
480,cfeb61b7-3e88-4982-a62d-9cc927f91761,U3-22MAY-T3.4,160,2022-05-26T16:49:50.926913Z,92,8,yes
481,d09291c0-678e-4cc7-b664-1a782c499dca,U3-22MAY-T3.4,146,2022-05-24T14:19:52.038345Z,91,9,yes
482,39d9b4e0-7bf0-4566-86c2-654ef3786c9b,U3-22MAY-T3.4,134,2022-05-17T19:21:41.38259Z,90,10,yes
483,809f88ce-174d-4fed-873e-903a0d5a6cc7,U3-22MAY-T3.4,127,2022-05-16T00:19:57.929861Z,89,11,yes
484,30ef8475-a267-48f2-bbbe-f516b8ae7a4b,U3-22MAY-T3.4,100,2022-05-16T00:10:47.554035Z,88,12,no
485,1248c8f7-88d2-4935-85ea-d85bf7b7fa4f,U3-22MAY-T3.4,119,2022-05-11T03:11:53.654461Z,88,12,yes
486,d5fe7394-01d4-47ec-bc24-2945fa9a5b2f,U3-22MAY-T3.4,103,2022-05-07T19:44:21.873771Z,87,13,yes
487,af32cf80-0541-4073-925b-c6a59df7cd29,U3-22MAY-T3.5,13,2022-06-02T22:13:25.169595Z,59,41,no
488,68368f29-6a0e-42e2-a801-ec527246c624,U3-22MAY-T3.5,52,2022-06-02T22:13:25.169595Z,57,43,no
489,3a15c18d-60c3-420b-97e8-5a4f9dacbb8e,U3-22MAY-T3.5,55,2022-06-02T22:13:25.169595Z,58,42,no
490,879965f4-bf3d-41ac-a848-19bf6432778a,U3-22MAY-T3.5,5,2022-06-02T21:54:55.133126Z,61,39,no
491,70db2a65-ccfe-4781-9fe7-4c0aea50b8ee,U3-22MAY-T3.5,50,2022-06-02T21:54:55.133126Z,60,40,no
492,2b9a1a41-4413-49cf-a5cc-56c30d953555,U3-22MAY-T3.5,53,2022-06-02T21:54:55.133126Z,59,41,no
493,8aabe951-3295-4648-9598-a316d03419a2,U3-22MAY-T3.5,3,2022-06-02T20:43:25.962559Z,64,36,yes
494,238b06b3-ee95-4021-bd48-175252e4ab7f,U3-22MAY-T3.5,12,2022-06-02T20:43:25.962559Z,65,35,yes
495,4ff2b25c-2097-4fd5-8db2-ece922b8c16a,U3-22MAY-T3.5,40,2022-06-02T20:40:05.767505Z,61,39,no
496,7f2c3475-4b2a-4e59-b293-578409067693,U3-22MAY-T3.5,39,2022-06-02T20:38:34.813396Z,65,35,yes
497,1906a764-f6bf-4256-b4a8-ec9dcf44c755,U3-22MAY-T3.5,11,2022-06-02T20:38:34.813396Z,64,36,yes
498,fdffe78f-89f6-48df-8f9a-b04d35113422,U3-22MAY-T3.5,56,2022-06-02T17:54:01.295898Z,63,37,no
499,93bd0066-d78a-41ad-98cc-280b57c48bec,U3-22MAY-T3.5,53,2022-06-02T17:54:01.295898Z,61,39,no
500,44095b0e-8209-4bed-b1b9-869be8df578f,U3-22MAY-T3.5,55,2022-06-02T17:54:01.295898Z,62,38,no
501,d70a66b2-671d-464e-a27c-1474cfc589b5,U3-22MAY-T3.5,26,2022-06-02T02:42:38.241448Z,65,35,no
502,76fd1781-b22b-4785-a08e-f066ad6f4013,U3-22MAY-T3.5,57,2022-06-02T02:42:38.241448Z,64,36,no
503,d1ba2b31-4d1f-43f1-b58f-5aa7b3d009b2,U3-22MAY-T3.5,32,2022-06-01T17:50:10.786072Z,65,35,no
504,cc7fae3b-a2cb-4a9b-b986-478a94b04561,U3-22MAY-T3.5,100,2022-06-01T17:50:10.786072Z,64,36,no
505,bd85f3ee-7c04-4f2d-bbd2-0de92c1e4f7d,U3-22MAY-T3.5,40,2022-06-01T17:50:10.786072Z,64,36,no
506,057f603f-6143-4e3f-ab69-729e8d0daf92,U3-22MAY-T3.5,100,2022-06-01T17:50:10.786072Z,65,35,no
507,551d9155-29a6-43a5-b2dc-68784405a75e,U3-22MAY-T3.5,100,2022-06-01T17:47:34.236987Z,66,34,no
508,d5022da0-88eb-461e-b1f7-e4ffe0c722f4,U3-22MAY-T3.5,50,2022-06-01T15:03:16.147627Z,67,33,no
509,a02ad889-e9d1-4058-932f-8a23d0fee7ae,U3-22MAY-T3.5,21,2022-06-01T15:02:40.166595Z,69,31,yes
510,5a9f8c57-c334-4389-af46-7b99837ef62e,U3-22MAY-T3.5,29,2022-06-01T15:02:40.166595Z,68,32,yes
511,424ec373-79c5-4877-853f-a9f1ab4c4b78,U3-22MAY-T3.5,10,2022-06-01T14:45:37.523907Z,67,33,no
512,ab75cff6-a4be-462b-8ad5-51a1ecb317c5,U3-22MAY-T3.5,40,2022-06-01T14:36:59.031008Z,67,33,no
513,8e8bb4be-9d5a-4ff2-958a-1dabaae214a9,U3-22MAY-T3.5,1,2022-05-31T18:24:16.172304Z,59,41,no
514,fd90383e-069c-448f-8b01-03fc9112be93,U3-22MAY-T3.5,40,2022-05-31T16:37:46.770973Z,63,37,yes
515,a65ca0f8-edf4-4ead-abdb-0280e29a6624,U3-22MAY-T3.5,65,2022-05-31T14:34:39.359832Z,61,39,no
516,4d2c77ca-7ffa-4be6-b4cf-d5985538d635,U3-22MAY-T3.5,22,2022-05-31T14:34:39.359832Z,62,38,no
517,3b20388a-8cfb-490e-895b-46f0ec817d23,U3-22MAY-T3.5,50,2022-05-31T14:34:39.359832Z,60,40,no
518,2adf8f18-510e-4f80-a7f4-c91e8c4e811c,U3-22MAY-T3.5,20,2022-05-31T14:34:39.359832Z,60,40,no
519,8c4d849a-ff91-4613-b02c-6b7a0fcc32fc,U3-22MAY-T3.5,1,2022-05-30T17:39:40.956728Z,63,37,yes
520,a4466718-c765-41d9-b2de-cbc16da74589,U3-22MAY-T3.5,28,2022-05-30T15:02:28.598084Z,62,38,yes
521,09902614-acbd-46bb-ab73-cbf2f81e5019,U3-22MAY-T3.5,100,2022-05-26T22:00:36.884062Z,60,40,no
522,9cec1a60-0720-467a-9325-be263db6419d,U3-22MAY-T3.5,2,2022-05-25T17:09:16.465757Z,62,38,yes
523,b07b3872-7691-4c5e-a139-11674a355765,U3-22MAY-T3.6,50,2022-06-03T01:51:39.375978Z,23,77,no
524,917a0a76-1bf8-4c89-9987-bd86f76197ee,U3-22MAY-T3.6,53,2022-06-02T23:03:21.060193Z,24,76,no
525,83bb30e5-8480-4235-80c7-19de8bd76553,U3-22MAY-T3.6,19,2022-06-02T23:03:21.060193Z,3,97,no
526,43e80786-5982-4753-9259-3c5bdbf58ce8,U3-22MAY-T3.6,28,2022-06-02T23:03:21.060193Z,2,98,no
527,bf78b050-d5ac-421f-b99e-a4b84c6257e8,U3-22MAY-T3.6,66,2022-06-02T23:02:41.515703Z,26,74,no
528,b035a42f-523e-46f9-bc37-e0dc05baa355,U3-22MAY-T3.6,17,2022-06-02T23:02:41.515703Z,24,76,no
529,76e90c53-93b6-404b-b00f-494ce60892a7,U3-22MAY-T3.6,67,2022-06-02T23:02:41.515703Z,25,75,no
530,eaa382f5-7d7c-43bf-91b7-151f190d1f33,U3-22MAY-T3.6,64,2022-06-02T21:55:04.452244Z,27,73,no
531,2ee44553-529c-49a4-8891-488f1cb61586,U3-22MAY-T3.6,63,2022-06-02T21:55:04.452244Z,28,72,no
532,d8a68697-e7d5-4526-9e2d-acf2be11daad,U3-22MAY-T3.6,1,2022-06-02T17:54:03.014346Z,30,70,no
533,5f6a27d0-de8e-4290-9798-520b998db4ee,U3-22MAY-T3.6,66,2022-06-02T17:54:03.014346Z,29,71,no
534,3948d14a-a55c-43af-aecf-5bf67f4df9cc,U3-22MAY-T3.6,61,2022-06-02T12:11:14.262706Z,30,70,no
535,e4400506-9ba7-48bf-b82f-230844d58ecc,U3-22MAY-T3.6,59,2022-06-02T12:10:46.74167Z,31,69,no
536,189fd36f-cb1e-44ed-8650-074d888c2eba,U3-22MAY-T3.6,3,2022-06-02T12:10:29.76591Z,32,68,no
537,22cf310b-6cc0-4984-a4e7-bfdf612a14f4,U3-22MAY-T3.6,5,2022-06-02T02:42:45.364193Z,33,67,no
538,0d3a5141-024f-4354-9025-0b0dbbd40abc,U3-22MAY-T3.6,56,2022-06-02T02:42:45.364193Z,32,68,no
539,f2c10db0-5950-4ac4-addf-7450e7877332,U3-22MAY-T3.6,2,2022-06-01T21:35:23.531888Z,37,63,yes
540,2a049d2a-3193-4dd0-8123-4bd611405be2,U3-22MAY-T3.6,8,2022-06-01T21:35:23.531888Z,36,64,yes
541,d5ca9ea4-61fd-4ef7-8f43-53b2d44c2126,U3-22MAY-T3.6,62,2022-06-01T17:50:24.664692Z,32,68,no
542,5ea29d08-ca48-4d93-8641-142fbad2da12,U3-22MAY-T3.6,15,2022-05-31T14:34:50.470889Z,28,72,no
543,426ea268-5279-492c-be6b-61ccf7561ede,U3-22MAY-T3.6,15,2022-05-27T18:46:30.099081Z,32,68,yes
544,1af178e7-a6f6-41fb-bcd4-c2ea91115d70,U3-22MAY-T3.6,1,2022-05-25T17:09:27.386856Z,31,69,yes
545,2faf2828-7fb8-44cd-826b-41d64518ab1a,U3-22MAY-T3.6,10,2022-05-17T22:01:40.391156Z,28,72,no
546,ed4bb981-9950-4c4f-b957-574556c12d2f,U3-22MAY-T3.6,4,2022-05-17T15:42:14.159104Z,32,68,yes
547,df85ddbd-669b-4473-a325-23300c65ba2e,U3-22MAY-T3.6,57,2022-05-17T15:42:14.159104Z,31,69,yes
548,46ec1195-7dd3-4ad2-95ab-24f49000d24d,U3-22MAY-T3.6,61,2022-05-13T15:57:04.542946Z,30,70,yes
549,8f9eca07-e1d1-4511-b81a-f0aa51dca305,U3-22MAY-T3.6,26,2022-05-13T15:56:39.88868Z,28,72,yes
550,5694a044-6aa3-4ee7-8618-d84e26705bab,U3-22MAY-T3.6,64,2022-05-13T15:56:39.88868Z,29,71,yes
551,e875b077-2804-4c21-91ee-16fa4226fc49,U3-22MAY-T3.6,37,2022-05-12T15:27:00.487429Z,28,72,yes
552,5cc3c842-6b83-4177-b54a-489efc2ed62b,U3-22MAY-T3.6,13,2022-05-12T15:27:00.487429Z,27,73,yes
553,9e650359-442f-4823-8d18-e716acb1d110,U3-22MAY-T3.6,1,2022-05-11T14:35:36.165118Z,24,76,no
554,139512d7-5d3b-4547-b278-6ba8b172a312,U3-22MAY-T3.6,15,2022-05-10T18:38:36.051619Z,24,76,no
555,9b8faa6d-0fa9-4ec2-96d5-22afeac4bd9e,U3-22MAY-T3.6,42,2022-05-07T19:45:51.955623Z,27,73,yes
556,80e0bc5d-7a57-4932-9532-ec52caf8953a,U3-22MAY-T3.6,5,2022-05-07T03:21:30.786857Z,27,73,yes
557,d552f74e-50cd-47fa-9546-edf5b4cbf1fc,U3-22MAY-T3.7,1,2022-06-02T22:26:53.689047Z,5,95,no
558,f584863c-f958-4963-bebb-c63fb1efd91a,U3-22MAY-T3.7,24,2022-06-02T21:55:16.871139Z,6,94,no
559,c073c2b4-e767-4911-b15c-c9cd62c1de3a,U3-22MAY-T3.7,155,2022-06-02T21:55:16.871139Z,6,94,no
560,279093f9-7b76-434b-944e-34d4892ae47c,U3-22MAY-T3.7,50,2022-06-01T21:16:41.447285Z,6,94,no
561,d02c5dbd-3c78-49b8-9d51-7cf6e7a1ff32,U3-22MAY-T3.7,54,2022-05-18T01:14:22.27851Z,8,92,no
562,a5fd5f88-a75e-4aa6-920a-eb495dce175f,U3-22MAY-T3.7,20,2022-05-16T23:51:39.460193Z,8,92,no
563,5eb82841-b52f-416e-9059-9fc67f5f540f,U3-22MAY-T3.7,21,2022-05-14T00:18:00.638222Z,8,92,no
564,f0391dcb-d231-44c5-ba1b-8136970d74e9,U3-22JUN-T3.4,3,2022-06-25T22:09:17.538587Z,97,3,no
565,db32be94-b48b-4c8b-b8f0-c81a5453b61d,U3-22JUN-T3.4,1,2022-06-25T22:09:17.538587Z,97,3,no
566,c5a52ea8-c277-4b3d-83ca-79bd80ef63d3,U3-22JUN-T3.4,1,2022-06-25T22:09:17.538587Z,97,3,no
567,c115dd4a-adda-4c7a-8986-90e4d0511e7f,U3-22JUN-T3.4,1,2022-06-25T22:09:17.538587Z,97,3,no
568,bedcf6a6-3197-4c6d-a562-3694fc908a77,U3-22JUN-T3.4,505,2022-06-25T22:09:17.538587Z,97,3,no
569,be828807-122d-461f-bee8-6dfaab50357d,U3-22JUN-T3.4,1,2022-06-25T22:09:17.538587Z,97,3,no
570,b74a7cf0-5a87-4157-a941-068294d4d14c,U3-22JUN-T3.4,77,2022-06-25T22:09:17.538587Z,97,3,no
571,af93ecb1-8a8f-4062-8bb1-abbc770017d2,U3-22JUN-T3.4,1,2022-06-25T22:09:17.538587Z,97,3,no
572,a6cbf15d-3839-4a11-90de-a1848d83eddb,U3-22JUN-T3.4,2,2022-06-25T22:09:17.538587Z,97,3,no
573,8fced36d-896a-4d05-b7cb-085f6d1e2d94,U3-22JUN-T3.4,400,2022-06-25T22:09:17.538587Z,96,4,no
574,89b85bad-7603-43de-94e2-3ee0d01ef335,U3-22JUN-T3.4,2,2022-06-25T22:09:17.538587Z,97,3,no
575,7a05be7b-9624-4814-baa0-940efc1c2142,U3-22JUN-T3.4,1,2022-06-25T22:09:17.538587Z,97,3,no
576,7303a821-7f2e-4bfd-8fcf-2df1711b9d46,U3-22JUN-T3.4,1,2022-06-25T22:09:17.538587Z,97,3,no
577,394386d8-00c6-492a-8d04-de95e8897c4e,U3-22JUN-T3.4,1,2022-06-25T22:09:17.538587Z,97,3,no
578,286350d8-ace3-449d-b6b3-2745e395f42e,U3-22JUN-T3.4,1,2022-06-25T22:09:17.538587Z,97,3,no
579,26b7ee8c-7f64-474e-b94f-4fd06011b38d,U3-22JUN-T3.4,1,2022-06-25T22:09:17.538587Z,97,3,no
580,2332e39c-4d8d-4df7-83a3-e57b5fc6a877,U3-22JUN-T3.4,1,2022-06-25T22:09:17.538587Z,97,3,no
581,0bdcb244-fd44-4205-a588-329933fb5428,U3-22JUN-T3.4,786,2022-06-22T15:34:29.760185Z,99,1,yes
582,9ea2e46c-15b0-4b0f-aa52-e27e92f322c5,U3-22JUN-T3.4,491,2022-06-22T15:33:56.413266Z,98,2,yes
583,12118d2e-1e72-48e0-9796-47e9cc6ddd2c,U3-22JUN-T3.4,24,2022-06-22T15:33:56.413266Z,98,2,yes
584,6af51829-def2-4ed0-92e1-c684e34dd68a,U3-22JUN-T3.4,240,2022-06-22T15:33:34.603219Z,97,3,yes
585,96404021-a8b2-4edb-9685-c8bec331636c,U3-22JUN-T3.4,10,2022-06-21T02:24:03.296131Z,97,3,yes
586,37a1e2bb-793d-4727-98dc-465393a646fb,U3-22JUN-T3.4,39,2022-06-17T22:23:03.404813Z,97,3,yes
587,68712860-c57e-4149-ba5d-3c398a7f41b6,U3-22JUN-T3.4,30,2022-06-16T19:55:33.837676Z,94,6,yes
588,ab8264b1-07bd-4026-9d93-06edb3a7c5ac,U3-22JUN-T3.4,100,2022-06-15T01:19:24.188363Z,92,8,yes
589,e046c4c8-5642-4ea9-b955-7a57af62e5b3,U3-22JUN-T3.4,146,2022-06-05T20:25:23.072242Z,91,9,yes
590,3811c64c-c6ca-4b0e-970c-fd6a03d5c952,U3-22JUN-T3.4,138,2022-06-05T20:23:55.559945Z,90,10,yes
591,44875ea3-5c2e-4f88-8fee-2c710066af98,U3-22JUN-T3.5,6,2022-07-08T12:11:47.606559Z,93,7,yes
592,2fd4cbf6-11f2-4fd0-96db-d63545337839,U3-22JUN-T3.5,300,2022-07-08T01:16:45.748205Z,88,12,no
593,4ff4a1f6-6b95-4b97-b9d7-5a53de230b30,U3-22JUN-T3.5,50,2022-07-07T20:09:38.941138Z,92,8,yes
594,cd3e87fb-8669-43c9-a3f2-9488f63eb035,U3-22JUN-T3.5,417,2022-07-06T19:45:28.948835Z,88,12,no
595,5f598687-d883-48fa-8a41-c4d29a397f95,U3-22JUN-T3.5,454,2022-07-06T19:45:28.948835Z,89,11,no
596,40bec674-e9ba-4530-a3d9-64adf2604680,U3-22JUN-T3.5,65,2022-07-06T19:45:28.948835Z,90,10,no
597,eb69ee14-864f-4ae5-b24d-4ba3f70a0f7f,U3-22JUN-T3.5,5,2022-07-05T22:28:22.108008Z,90,10,no
598,716c39d3-2025-486e-b5ca-49087e637f08,U3-22JUN-T3.5,45,2022-07-05T22:28:22.108008Z,90,10,no
599,8989d92b-060b-4745-8d81-99c1b7f25e7c,U3-22JUN-T3.5,10,2022-07-05T16:46:53.686824Z,90,10,no
600,05a1be3d-4cda-4b13-ae29-8129d1171814,U3-22JUN-T3.5,5,2022-07-05T16:46:53.686824Z,90,10,no
601,d3fa80e4-b337-4793-9531-ea00aa39ceb2,U3-22JUN-T3.5,50,2022-07-05T00:32:14.98944Z,90,10,no
602,31ada929-5c0b-4ac6-8e94-dad0a97e678d,U3-22JUN-T3.5,450,2022-07-05T00:32:14.98944Z,90,10,no
603,7ae2d042-b4e8-4631-8a65-2f91513ae7b3,U3-22JUN-T3.5,250,2022-07-04T00:03:23.02788Z,90,10,no
604,046b0de8-16c8-4e2f-a62d-aaba655bf14e,U3-22JUN-T3.5,50,2022-07-03T15:27:21.402301Z,90,10,no
605,a0143641-b251-48e1-b35b-9876cfdf8fe2,U3-22JUN-T3.5,16,2022-07-03T15:25:42.885544Z,91,9,no
606,8e8719f2-e92a-48a9-a84e-5ba70e76ebe1,U3-22JUN-T3.5,465,2022-07-03T15:25:42.885544Z,91,9,no
607,c6bb0de2-adab-45fe-98a2-5f2c52bd99b6,U3-22JUN-T3.5,100,2022-07-02T15:24:59.305283Z,92,8,yes
608,b4639c3a-fc38-43d3-a35d-41ef30c9ccc1,U3-22JUN-T3.5,10,2022-06-30T14:05:51.053619Z,92,8,yes
609,43ec9596-b077-469d-95a9-78d3c9bb5cb8,U3-22JUN-T3.5,5,2022-06-29T20:05:50.035661Z,92,8,yes
610,2e8ba401-be9a-4d93-a656-58d16e0902c0,U3-22JUN-T3.5,4,2022-06-29T14:57:35.523342Z,92,8,yes
611,99bbe835-9456-478b-9f39-05211592dde5,U3-22JUN-T3.5,1,2022-06-29T14:57:17.093041Z,92,8,yes
612,6ce236b2-a240-424c-ab30-16387f50a853,U3-22JUN-T3.5,109,2022-06-29T02:10:33.615743Z,91,9,no
613,01ab1151-a1aa-49ea-bd99-624669603187,U3-22JUN-T3.5,2,2022-06-29T02:10:33.615743Z,91,9,no
614,e01e8ff7-6d65-4c30-a810-cbd4b783b4ac,U3-22JUN-T3.5,150,2022-06-27T16:42:52.404017Z,95,5,yes
615,031e8b30-ea0f-497d-9b6f-d25282ceb200,U3-22JUN-T3.5,200,2022-06-27T16:42:52.404017Z,95,5,yes
616,9861dc1e-38e0-4906-b074-8cc4320acfd5,U3-22JUN-T3.5,428,2022-06-27T16:36:48.582438Z,94,6,yes
617,1d50f958-9a60-49e9-bafc-adf79a9bb171,U3-22JUN-T3.5,173,2022-06-27T16:35:58.608797Z,93,7,yes
618,df23398a-445d-48da-af52-6fc6dece7a2d,U3-22JUN-T3.5,219,2022-06-25T22:09:07.280721Z,91,9,no
619,af9b003a-4dbc-4679-b540-fd7709def4a3,U3-22JUN-T3.5,109,2022-06-25T22:09:07.280721Z,90,10,no
620,9cded296-7d00-43f1-b7db-cec5f26cbc52,U3-22JUN-T3.5,175,2022-06-25T22:09:07.280721Z,91,9,no
621,8efc114c-5ab5-4fad-868c-5597b95b9bb4,U3-22JUN-T3.5,114,2022-06-25T22:09:07.280721Z,91,9,no
622,73c416fd-79f9-44cd-a74b-d5bd6da96a49,U3-22JUN-T3.5,137,2022-06-25T22:09:07.280721Z,90,10,no
623,6f4e78b8-83e4-4856-942c-c7f6e376f16a,U3-22JUN-T3.5,155,2022-06-25T22:09:07.280721Z,90,10,no
624,6b8dae1e-d67b-470b-802a-08aca3e09001,U3-22JUN-T3.5,91,2022-06-25T22:09:07.280721Z,91,9,no
625,bfc1eccd-1d96-4ef9-be3e-23888928d192,U3-22JUN-T3.5,4,2022-06-25T21:30:00.19707Z,92,8,no
626,4231834d-3d25-4ac2-906c-c579dbf0a987,U3-22JUN-T3.5,112,2022-06-25T21:30:00.19707Z,92,8,no
627,3e2c0d6e-16ce-4228-a284-9f0db8e0dcce,U3-22JUN-T3.5,214,2022-06-25T21:30:00.19707Z,92,8,no
628,2fa74ee0-4f07-4fa0-8c8b-fbbd9c410409,U3-22JUN-T3.5,20,2022-06-25T21:30:00.19707Z,92,8,no
629,8598ec28-2fee-44eb-9e69-6e88d6231728,U3-22JUN-T3.5,57,2022-06-24T19:23:13.584606Z,95,5,yes
630,da578e4b-ee57-4f24-bb30-f850b558cccd,U3-22JUN-T3.5,459,2022-06-23T16:12:08.417349Z,93,7,yes
631,94028e85-6f6b-49b4-ad4d-ea1c4de0e9a3,U3-22JUN-T3.5,410,2022-06-23T16:11:54.94585Z,92,8,yes
632,e0a105ee-26fb-43b7-bcd2-35667741e4d9,U3-22JUN-T3.5,402,2022-06-23T16:11:37.191918Z,91,9,yes
633,aeede478-84b2-41c3-a945-0364e99c1190,U3-22JUN-T3.5,170,2022-06-23T16:10:11.993728Z,90,10,yes
634,7349eefa-7807-486b-b57c-7105863ccc1c,U3-22JUN-T3.5,173,2022-06-23T16:10:11.993728Z,90,10,yes
635,a137a37d-d710-424c-afe2-401527f18f69,U3-22JUN-T3.5,166,2022-06-23T16:10:00.033761Z,89,11,yes
636,710beb5c-0ff3-496e-8ec1-6f4b62251cf8,U3-22JUN-T3.5,181,2022-06-23T16:10:00.033761Z,89,11,yes
637,fb9890c0-9bdf-4120-8852-b2d5647adb9c,U3-22JUN-T3.5,25,2022-06-23T16:09:36.456624Z,88,12,yes
638,c21cb62b-c5d7-4e7c-a0b6-9890ccfeaaad,U3-22JUN-T3.5,98,2022-06-23T16:09:36.456624Z,88,12,yes
639,8792b548-cee9-428d-99e7-450330968255,U3-22JUN-T3.5,2,2022-06-22T17:29:05.138685Z,84,16,no
640,1a5722bc-510e-4ccb-962e-7a726399e0ba,U3-22JUN-T3.5,5,2022-06-22T17:29:05.138685Z,85,15,no
641,abccdae8-1a3b-4e5e-a9e4-3e7843987770,U3-22JUN-T3.5,6,2022-06-22T15:45:14.846854Z,87,13,yes
642,9ada4262-bccf-4184-872f-9989bad9273f,U3-22JUN-T3.5,110,2022-06-22T15:45:14.846854Z,88,12,yes
643,25c166b0-e368-4162-948e-48257093f3d2,U3-22JUN-T3.5,34,2022-06-22T15:45:14.846854Z,88,12,yes
644,b2ed7bb2-7c6d-48bc-8bc4-ec1ccc7a2e0e,U3-22JUN-T3.5,99,2022-06-22T15:38:49.604621Z,86,14,yes
645,a6829337-a694-4dc1-8f8c-c5b1fe381986,U3-22JUN-T3.5,94,2022-06-22T15:38:41.767971Z,85,15,yes
646,aaae98ec-d822-4ded-99b3-1354984fbcaa,U3-22JUN-T3.5,96,2022-06-22T15:38:31.554501Z,84,16,yes
647,fc1a9f92-2516-4130-9dd8-cf518564239c,U3-22JUN-T3.5,85,2022-06-22T15:35:15.294332Z,83,17,yes
648,c2b9d442-f13f-4d2f-b3ba-dbddf9947ed6,U3-22JUN-T3.5,91,2022-06-22T15:35:03.286143Z,82,18,yes
649,6cc2ee6e-453b-423e-a463-1b99940f6b9b,U3-22JUN-T3.5,6,2022-06-22T15:34:45.950759Z,81,19,yes
650,f6faf350-c586-4913-a47b-64d3e0d06e48,U3-22JUN-T3.5,86,2022-06-22T15:16:06.11116Z,81,19,yes
651,e006ec84-d603-4319-9727-fb947702d6d7,U3-22JUN-T3.5,476,2022-06-22T15:16:06.11116Z,99,1,yes
652,dd22caf2-d727-43d8-a746-e2dd95fa9c5f,U3-22JUN-T3.5,82,2022-06-22T15:16:06.11116Z,80,20,yes
653,c82cb31b-933d-4ac9-a75a-29ba96c58df6,U3-22JUN-T3.5,28,2022-06-22T15:16:06.11116Z,97,3,yes
654,94e1595e-1141-4511-9054-d53c14671295,U3-22JUN-T3.5,400,2022-06-22T15:16:06.11116Z,98,2,yes
655,77f00829-81a8-472a-b37f-dd9ca1f9e35e,U3-22JUN-T3.5,112,2022-06-22T15:16:06.11116Z,98,2,yes
656,2202005c-380c-4057-8082-3645c520ae0e,U3-22JUN-T3.5,23,2022-06-22T15:16:06.11116Z,79,21,yes
657,1b4486f9-3147-4f74-b831-3de0c77e173f,U3-22JUN-T3.5,150,2022-06-22T15:16:06.11116Z,96,4,yes
658,a14dc91b-14b2-4052-9b41-6366fa3fec5b,U3-22JUN-T3.5,15,2022-06-22T00:34:56.557109Z,75,25,no
659,9eb355dc-420b-4de2-80b9-ca6d54758c2c,U3-22JUN-T3.5,46,2022-06-21T17:48:13.863032Z,75,25,no
660,c8dc7d1a-5763-451d-a137-ef7cac6ab66b,U3-22JUN-T3.5,2,2022-06-21T17:43:38.950941Z,76,24,no
661,506984f9-1718-4b8a-afd8-afc21d354261,U3-22JUN-T3.5,3,2022-06-21T17:43:38.950941Z,76,24,no
662,be469f3b-157a-4df5-8c5b-57b1ffec9ed6,U3-22JUN-T3.5,15,2022-06-20T03:35:30.67534Z,76,24,no
663,25741018-4e3f-440b-b02b-797e3555fb31,U3-22JUN-T3.5,10,2022-06-20T03:35:30.67534Z,76,24,no
664,2dd232a9-94ef-4bf4-bf1f-922dd5d84328,U3-22JUN-T3.5,7,2022-06-18T14:32:17.483254Z,80,20,yes
665,dc6849e8-a3b9-4e94-bd15-328e04ce6236,U3-22JUN-T3.5,24,2022-06-17T23:00:12.610985Z,76,24,no
666,74606624-f0a3-442e-90c5-5ca65782ec73,U3-22JUN-T3.5,1,2022-06-14T20:15:35.715261Z,70,30,yes
667,e37ec1e5-9ec6-4319-8390-ddc988be3b18,U3-22JUN-T3.5,1,2022-06-14T19:52:12.415452Z,70,30,yes
668,aacd77b5-3f56-4061-b416-539900d95618,U3-22JUN-T3.5,1,2022-06-12T16:02:16.435797Z,66,34,no
669,1091a74e-6aa8-4fd6-883c-3b9a8305d294,U3-22JUN-T3.5,15,2022-06-12T00:52:08.525543Z,70,30,yes
670,e4ce8078-2ba7-4a57-83e9-902fd697bba3,U3-22JUN-T3.5,21,2022-06-08T15:16:28.090525Z,67,33,yes
671,c932b750-7130-4a42-aa19-f880faa82bbf,U3-22JUN-T3.5,60,2022-06-08T15:16:28.090525Z,69,31,yes
672,baaad8c8-d172-4178-abc6-cfdef048021e,U3-22JUN-T3.5,4,2022-06-08T15:16:28.090525Z,97,3,yes
673,50b0a9ff-05c7-42fc-bbaf-2b570668562b,U3-22JUN-T3.5,4,2022-06-08T15:16:28.090525Z,98,2,yes
674,4ed1831f-816c-4ecb-823a-9e3c7286f721,U3-22JUN-T3.5,27,2022-06-08T15:16:28.090525Z,67,33,yes
675,431bf7c4-aa39-4f05-9229-bd91aeaf693d,U3-22JUN-T3.5,22,2022-06-08T15:16:28.090525Z,97,3,yes
676,40cd7030-188c-4350-833f-b803949d0482,U3-22JUN-T3.5,1,2022-06-08T15:16:28.090525Z,97,3,yes
677,3be20e0e-68ae-4ddf-8d18-57b30715f3fc,U3-22JUN-T3.5,60,2022-06-08T15:16:28.090525Z,68,32,yes
678,39044110-aaf6-4ed4-ab0c-1591d5c8651e,U3-22JUN-T3.5,1,2022-06-08T15:16:28.090525Z,98,2,yes
679,f686d359-f4b7-461e-bbca-7ad1de958884,U3-22JUN-T3.5,13,2022-06-06T22:00:57.792007Z,67,33,yes
680,00dc93ad-596e-4949-af0e-eedada21c9a9,U3-22JUN-T3.5,2,2022-06-06T22:00:57.792007Z,66,34,yes
681,cfcc5834-f1b6-4658-9e6a-b77528046715,U3-22JUN-T3.5,1,2022-06-06T14:08:23.576068Z,63,37,no
682,65a10758-433e-4b48-b14c-1fa418a2b64a,U3-22JUN-T3.5,26,2022-06-03T15:14:58.677019Z,63,37,no
683,e1386570-3e00-432e-96e4-66caffa0e620,U3-22JUN-T3.6,9,2022-07-08T12:07:19.381609Z,47,53,no
684,509f8eb8-2b25-47cd-a597-d6044131b1bb,U3-22JUN-T3.6,11,2022-07-08T12:07:19.381609Z,48,52,no
685,34d12ab0-6bf9-44b0-9e66-0c85d0a534fd,U3-22JUN-T3.6,172,2022-07-07T23:08:52.723953Z,55,45,no
686,2706525c-0cdd-4948-8116-9375313028e3,U3-22JUN-T3.6,149,2022-07-07T23:08:52.723953Z,56,44,no
687,063a8713-27ed-47d0-a55e-420d6e061917,U3-22JUN-T3.6,35,2022-07-07T23:08:52.723953Z,56,44,no
688,0232de59-1b6a-4075-b28e-437fcb8a9c18,U3-22JUN-T3.6,6,2022-07-07T23:08:52.723953Z,57,43,no
689,58f58303-4f26-4a88-9f1d-113cb19de86f,U3-22JUN-T3.6,25,2022-07-07T20:59:35.496485Z,61,39,yes
690,76b5215a-f4fe-44bd-8ab8-42a440e03914,U3-22JUN-T3.6,24,2022-07-07T20:55:01.195479Z,56,44,no
691,c025ba08-48dc-4362-b9a8-8c50702a3138,U3-22JUN-T3.6,166,2022-07-07T20:54:19.197897Z,57,43,no
692,0df06d0b-1f9a-4cf0-8c34-4c1210834e84,U3-22JUN-T3.6,10,2022-07-07T20:54:00.953124Z,58,42,no
693,a5e56124-a8ea-453d-9da8-7063222953ea,U3-22JUN-T3.6,15,2022-07-07T20:41:34.230593Z,62,38,yes
694,ff4138be-36b6-4331-ba60-a8f74defe9a3,U3-22JUN-T3.6,21,2022-07-07T19:46:55.808174Z,58,42,no
695,5cdc1851-4c0e-478f-bba2-35cc9bba7538,U3-22JUN-T3.6,14,2022-07-07T19:46:55.808174Z,57,43,no
696,02e513ad-231e-4483-9a7e-1eaa78088dbb,U3-22JUN-T3.6,40,2022-07-07T19:46:55.808174Z,58,42,no
697,65d758ce-385c-475f-aaca-e77946c042f5,U3-22JUN-T3.6,32,2022-07-07T19:00:15.889748Z,58,42,no
698,9505a09d-6aca-42ea-883c-d7c1c76af636,U3-22JUN-T3.6,5,2022-07-07T16:31:36.827558Z,63,37,yes
699,a36d0774-f4ce-476e-82a7-50bd3bea9ede,U3-22JUN-T3.6,10,2022-07-07T15:39:13.612673Z,63,37,yes
700,5ac0bdde-ea88-4e3b-912a-f97374756e4b,U3-22JUN-T3.6,20,2022-07-07T15:32:12.890885Z,63,37,yes
701,e07a87d2-94d5-43ba-a396-bd07ffce1a94,U3-22JUN-T3.6,54,2022-07-06T16:58:13.487295Z,53,47,no
702,d40ca399-e6c0-4042-aed9-9d80b226ae6b,U3-22JUN-T3.6,27,2022-07-06T16:58:13.487295Z,52,48,no
703,72bc23b6-7a65-4f1f-8846-fe4919f9143c,U3-22JUN-T3.6,19,2022-07-06T16:58:13.487295Z,53,47,no
704,23b1f450-2582-4deb-b1a7-9472be1ab466,U3-22JUN-T3.6,40,2022-07-06T15:27:46.311616Z,58,42,yes
705,33c6f2bc-2521-4910-8cf9-5966fd76ea5d,U3-22JUN-T3.6,50,2022-07-05T22:49:56.868532Z,53,47,no
706,7f19dc83-3fb8-4202-b9ef-2e4c5aeffa8a,U3-22JUN-T3.6,49,2022-07-05T22:27:37.518294Z,53,47,no
707,5b71a754-32ac-4026-a1d2-9f8a2029e988,U3-22JUN-T3.6,20,2022-07-05T21:42:39.621016Z,58,42,yes
708,54a64149-4bcd-4b38-8ad7-d18ace7a136f,U3-22JUN-T3.6,50,2022-07-05T18:23:30.973005Z,53,47,no
709,fb4361f8-6ea2-49ca-b2d8-4a71747283f4,U3-22JUN-T3.6,174,2022-07-05T16:37:39.159563Z,55,45,no
710,eb68c3e5-1d0a-4f45-9d16-e355d1a738ca,U3-22JUN-T3.6,173,2022-07-05T16:37:39.159563Z,54,46,no
711,ac5062b8-3d8d-4136-9365-148adfcb893d,U3-22JUN-T3.6,158,2022-07-05T16:37:39.159563Z,56,44,no
712,2e563b4f-7071-44f8-b507-c9806840a5ed,U3-22JUN-T3.6,1,2022-07-05T16:37:39.159563Z,56,44,no
713,fba8df5b-c5b0-4a15-8dfb-044d147049f0,U3-22JUN-T3.6,119,2022-07-05T15:30:48.962033Z,59,41,no
714,f8a8ccab-6b0a-4717-89f8-99e8c6048ded,U3-22JUN-T3.6,24,2022-07-05T15:30:48.962033Z,58,42,no
715,7ac1cf39-8c31-4cd3-ac89-05e398ee0934,U3-22JUN-T3.6,20,2022-07-05T15:30:48.962033Z,58,42,no
716,78b94bf1-2998-465d-b838-3aec47999b36,U3-22JUN-T3.6,149,2022-07-05T15:30:48.962033Z,59,41,no
717,5a882646-33eb-4330-8878-af13bda55f37,U3-22JUN-T3.6,183,2022-07-05T15:30:48.962033Z,57,43,no
718,577ba771-d494-49eb-8c1e-ad310bbccbcd,U3-22JUN-T3.6,26,2022-07-05T15:30:48.962033Z,58,42,no
719,4e31fbf4-55e3-4fdc-bc75-238a74d11d31,U3-22JUN-T3.6,158,2022-07-05T15:30:48.962033Z,58,42,no
720,eacb327a-862d-4d63-8215-ab32bec3857d,U3-22JUN-T3.6,32,2022-07-05T13:53:46.813765Z,63,37,yes
721,1139d840-5694-4cec-b097-e71eebfaa11f,U3-22JUN-T3.6,118,2022-07-05T13:53:46.813765Z,64,36,yes
722,c0820058-8716-43d6-b113-997e4f2e41f4,U3-22JUN-T3.6,33,2022-07-05T00:32:56.641172Z,59,41,no
723,8d7057c6-0264-4379-a0b2-3c58dc78a96a,U3-22JUN-T3.6,67,2022-07-05T00:32:56.641172Z,59,41,no
724,68698270-d4e3-4307-bab3-771000363a76,U3-22JUN-T3.6,100,2022-07-05T00:31:31.080146Z,59,41,no
725,77f0928e-49b9-4fd2-b651-2e354ee6a33a,U3-22JUN-T3.6,21,2022-07-01T20:10:10.528256Z,59,41,no
726,54e06430-a094-45f1-b650-49aad126c34d,U3-22JUN-T3.6,1,2022-07-01T20:10:10.528256Z,59,41,no
727,4a29e7ca-b83d-413d-a115-d02a072dd4e6,U3-22JUN-T3.6,28,2022-07-01T20:10:10.528256Z,59,41,no
728,11ff1e35-20e6-4145-8ce2-71ff09ea948a,U3-22JUN-T3.6,100,2022-06-30T21:01:39.405293Z,64,36,yes
729,7d5edc78-38c5-4759-b1fe-fea23f91bea2,U3-22JUN-T3.6,33,2022-06-29T17:40:46.558474Z,64,36,yes
730,7f53554f-aa48-42ed-b7e1-94979865a9b5,U3-22JUN-T3.6,167,2022-06-29T17:39:44.744124Z,63,37,yes
731,a3f400ce-acd7-49bc-8280-1e3d32b99903,U3-22JUN-T3.6,10,2022-06-29T14:57:10.558926Z,63,37,yes
732,8e4cf483-1c4e-4aed-ab59-71d5467b26d0,U3-22JUN-T3.6,141,2022-06-28T20:25:02.201142Z,62,38,yes
733,500e47f0-1c5b-4a14-a59c-ca81e52dd286,U3-22JUN-T3.6,35,2022-06-28T20:25:02.201142Z,62,38,yes
734,1bda8d88-4dfe-4d87-888f-156a94278a65,U3-22JUN-T3.6,101,2022-06-28T20:24:52.036541Z,61,39,yes
735,56b86ae6-6974-40e8-9a58-49554060b9b6,U3-22JUN-T3.6,15,2022-06-28T19:30:09.254931Z,59,41,no
736,f1aee2ff-425f-45d7-aed1-f8df1b87c976,U3-22JUN-T3.6,5,2022-06-28T18:51:30.824111Z,59,41,no
737,c65363ee-c017-403b-b319-f6d18c972075,U3-22JUN-T3.6,5,2022-06-28T12:33:38.975465Z,56,44,no
738,e3d4481d-aaf0-4c7a-8b07-782ffedf1658,U3-22JUN-T3.6,87,2022-06-28T02:28:15.528061Z,61,39,yes
739,dade71f3-4016-448b-957c-c8d80918e7c1,U3-22JUN-T3.6,13,2022-06-28T02:28:15.528061Z,60,40,yes
740,9a62b765-cfe9-4e4e-9ecb-ab64d716c139,U3-22JUN-T3.6,2,2022-06-27T17:20:02.618926Z,60,40,yes
741,784df8ef-8c0d-4a65-8ebd-647366957ed7,U3-22JUN-T3.6,145,2022-06-27T16:36:23.756493Z,60,40,yes
742,5380b733-3146-4cee-ab93-4c49571d43e5,U3-22JUN-T3.6,149,2022-06-27T16:36:23.756493Z,60,40,yes
743,ba8e1c16-565f-404c-ae4a-5310b7342f4f,U3-22JUN-T3.6,5,2022-06-26T22:40:48.311962Z,60,40,yes
744,1d77c19b-3287-41ad-be89-92fc062a4031,U3-22JUN-T3.6,11,2022-06-26T22:40:48.311962Z,59,41,yes
745,fb58b57d-4f9b-4852-a972-efebd5a92fd2,U3-22JUN-T3.6,118,2022-06-25T00:44:44.71935Z,55,45,no
746,7b07a087-0cc3-486a-b674-ff3b20033d7c,U3-22JUN-T3.6,18,2022-06-25T00:44:44.71935Z,55,45,no
747,4e872508-13db-416d-a318-b3ea8fbcd798,U3-22JUN-T3.6,14,2022-06-25T00:44:44.71935Z,55,45,no
748,db69d3ed-8674-4aa6-957d-5d6e22054a31,U3-22JUN-T3.6,75,2022-06-25T00:44:32.404293Z,56,44,no
749,d2484be5-79d6-482b-9f1a-be72dba708ca,U3-22JUN-T3.6,60,2022-06-25T00:44:32.404293Z,56,44,no
750,947d59b9-bbb6-4545-95e8-8cb971aeed1c,U3-22JUN-T3.6,60,2022-06-24T21:33:50.23513Z,61,39,yes
751,6167f944-7c96-428b-b181-63448acc0ea6,U3-22JUN-T3.6,11,2022-06-24T21:33:50.23513Z,60,40,yes
752,f386afdb-fa59-4d58-aa17-fb2935940099,U3-22JUN-T3.6,16,2022-06-24T20:10:09.303478Z,56,44,no
753,05351a8d-e081-42ac-8cd2-689d6380140c,U3-22JUN-T3.6,20,2022-06-24T20:10:09.303478Z,56,44,no
754,2ed4ec70-4f6a-4ee9-b08d-f4f0d42203a9,U3-22JUN-T3.6,139,2022-06-24T19:24:21.894153Z,60,40,yes
755,285bffa8-f69b-4775-852b-e88df66c6eeb,U3-22JUN-T3.6,143,2022-06-24T19:24:08.476659Z,59,41,yes
756,999c5a5a-7255-42df-9ee7-97bacba83e3f,U3-22JUN-T3.6,67,2022-06-24T19:23:54.438226Z,58,42,yes
757,38b12e8a-d0e2-4a7f-a3ed-5f0d9f6065f5,U3-22JUN-T3.6,3,2022-06-24T16:23:29.518682Z,58,42,yes
758,c79f2c9e-3800-47f8-af5e-b9090a79f8d0,U3-22JUN-T3.6,67,2022-06-23T16:11:12.26963Z,55,45,yes
759,1f9df89f-35d3-4a9e-aa0b-3254f7e0a8b1,U3-22JUN-T3.6,68,2022-06-23T16:11:12.26963Z,55,45,yes
760,9764927d-7655-41e1-9e3f-8fdf1053d626,U3-22JUN-T3.6,76,2022-06-23T16:10:59.870118Z,54,46,yes
761,2b8e7531-29df-490d-ab30-2e836484990d,U3-22JUN-T3.6,67,2022-06-23T16:10:59.870118Z,54,46,yes
762,912bf50f-98c8-4058-9afe-2710e1f93a0a,U3-22JUN-T3.6,42,2022-06-23T16:10:48.709381Z,53,47,yes
763,e9d7c5ec-0e84-4e6f-a805-5eb112141111,U3-22JUN-T3.6,69,2022-06-22T23:34:54.571423Z,52,48,yes
764,1bf87c68-c4d1-4d6f-98a6-e1a3a30aa077,U3-22JUN-T3.6,67,2022-06-22T23:34:54.571423Z,53,47,yes
765,32c6aeae-2ef8-41a7-8960-a91bc78f3626,U3-22JUN-T3.6,37,2022-06-22T23:34:28.566837Z,51,49,yes
766,16fe9439-72b6-4016-be3a-f5dc293c1dad,U3-22JUN-T3.6,50,2022-06-22T15:39:20.53676Z,49,51,yes
767,15ac5592-0dfc-4499-98a0-0f0f31658d51,U3-22JUN-T3.6,51,2022-06-22T15:39:13.547209Z,48,52,yes
768,fe6ddfb1-9dd9-4d2c-96d1-d36974257926,U3-22JUN-T3.6,50,2022-06-22T15:39:08.132026Z,47,53,yes
769,44b8fcff-948c-40d9-9394-66d4b2e0f752,U3-22JUN-T3.6,50,2022-06-22T15:36:11.041104Z,46,54,yes
770,3c7ccc1d-8bdc-4e19-9e05-8ffaa7f4ddce,U3-22JUN-T3.6,55,2022-06-22T15:36:01.305462Z,45,55,yes
771,ee60838d-dc82-42ca-94df-7949fa920879,U3-22JUN-T3.6,3,2022-06-22T15:35:45.289859Z,44,56,yes
772,fc29cc9e-62ed-41fe-b888-203755413edf,U3-22JUN-T3.6,2,2022-06-22T15:18:25.870432Z,91,9,yes
773,f5188e1d-0c1c-436c-9513-ce356797f88f,U3-22JUN-T3.6,2,2022-06-22T15:18:25.870432Z,90,10,yes
774,e4c2cb44-4a59-46ea-b045-afaed2091483,U3-22JUN-T3.6,1,2022-06-22T15:18:25.870432Z,90,10,yes
775,e1a4aeb2-6ffa-4126-afda-c1f480fd5280,U3-22JUN-T3.6,47,2022-06-22T15:18:25.870432Z,43,57,yes
776,dfbc870d-84cf-4d22-920e-206794824763,U3-22JUN-T3.6,4,2022-06-22T15:18:25.870432Z,87,13,yes
777,b0246b1e-6c2f-4b62-9fd6-8a2c26c3585e,U3-22JUN-T3.6,88,2022-06-22T15:18:25.870432Z,98,2,yes
778,a86508ce-33ab-4d2b-954b-b4d169ded349,U3-22JUN-T3.6,2,2022-06-22T15:18:25.870432Z,90,10,yes
779,a654c684-cb12-4903-9293-901e46dd97cd,U3-22JUN-T3.6,4,2022-06-22T15:18:25.870432Z,88,12,yes
780,a2ba70b5-3e7b-4dc4-92c2-1fd17de3232e,U3-22JUN-T3.6,1,2022-06-22T15:18:25.870432Z,92,8,yes
781,797cd525-d8b0-4189-a51d-fe06397aa977,U3-22JUN-T3.6,2,2022-06-22T15:18:25.870432Z,92,8,yes
782,73bec040-abce-44a4-9409-3e0bc6377118,U3-22JUN-T3.6,22,2022-06-22T15:18:25.870432Z,97,3,yes
783,715f2a8a-07bf-457d-b07b-972b0ff47c02,U3-22JUN-T3.6,2,2022-06-22T15:18:25.870432Z,89,11,yes
784,51833a0d-eb10-4921-a83c-c526d4fa3ef9,U3-22JUN-T3.6,374,2022-06-22T15:18:25.870432Z,99,1,yes
785,4f8a4446-052a-429c-a201-490953ee842e,U3-22JUN-T3.6,2,2022-06-22T15:18:25.870432Z,89,11,yes
786,35226ca5-9a6f-4d11-817e-0fdab980d86b,U3-22JUN-T3.6,52,2022-06-22T15:18:25.870432Z,44,56,yes
787,23562dce-8839-4867-b17a-d3ddac064521,U3-22JUN-T3.6,7,2022-06-22T15:18:25.870432Z,42,58,yes
788,c037697a-01ed-4a3c-b2a2-6c822c00c824,U3-22JUN-T3.6,2,2022-06-21T22:21:32.386974Z,37,63,no
789,53327d88-4b03-482e-a72e-b9ae3b2c63b4,U3-22JUN-T3.6,8,2022-06-21T22:21:32.386974Z,38,62,no
790,e8850f4c-75d7-4a67-9c55-f28510e3bacd,U3-22JUN-T3.6,7,2022-06-21T14:09:24.871944Z,43,57,yes
791,79483fff-608f-46ea-ab54-fac0ece4b579,U3-22JUN-T3.6,2,2022-06-21T14:09:24.871944Z,38,62,yes
792,76c4893d-82f0-43fa-aae7-0be3227539dc,U3-22JUN-T3.6,1,2022-06-21T14:09:24.871944Z,42,58,yes
793,8709f485-dd09-4d00-ad70-78414a48adc1,U3-22JUN-T3.6,4,2022-06-18T14:33:26.363353Z,38,62,no
794,25da034e-cc35-4107-9f71-2aeebdac4125,U3-22JUN-T3.6,4,2022-06-18T14:33:26.363353Z,38,62,no
795,35671ef1-301a-4d6f-9be5-6d42066e45df,U3-22JUN-T3.6,5,2022-06-18T02:58:15.149995Z,42,58,yes
796,58f85403-934e-41fe-91c2-4396b90043ba,U3-22JUN-T3.6,4,2022-06-17T14:09:43.646258Z,35,65,yes
797,351e142b-7baf-4d4f-90f8-367f208b640d,U3-22JUN-T3.6,3,2022-06-17T14:09:43.646258Z,36,64,yes
798,9723a9ba-7976-49da-92a5-e3b59ca75ec1,U3-22JUN-T3.6,10,2022-06-07T14:20:39.654115Z,32,68,yes
799,3ff2329f-8ac2-43ae-925b-e6388906a695,U3-22JUN-T3.6,40,2022-06-07T14:20:39.654115Z,31,69,yes
800,da936c0d-c8ff-448a-9b5f-bb2282826131,U3-22JUN-T3.6,10,2022-06-04T16:52:37.476362Z,27,73,no
801,7152894c-adf1-4d7e-92a6-3466d0bdedd6,U3-22JUN-T3.7,1,2022-07-08T12:11:29.549171Z,25,75,no
802,dee6fcde-49cd-49bd-9106-6121c89ab1f9,U3-22JUN-T3.7,219,2022-07-07T23:09:01.434832Z,27,73,no
803,3d4f2b2c-5d71-4a8a-bb81-a15c57847f70,U3-22JUN-T3.7,216,2022-07-07T23:09:01.434832Z,26,74,no
804,01337a44-4ec7-4f04-b0cb-c21859d79944,U3-22JUN-T3.7,83,2022-07-07T23:09:01.434832Z,28,72,no
805,0cc84245-5aed-451b-9d69-ab1126bc00d1,U3-22JUN-T3.7,1,2022-07-07T22:59:10.439235Z,33,67,yes
806,791a0a88-8005-48b5-a3ed-839c787f8370,U3-22JUN-T3.7,26,2022-07-07T19:47:50.866075Z,28,72,no
807,10c09c9c-b2a6-4a0b-b460-d2043604abeb,U3-22JUN-T3.7,29,2022-07-07T19:47:50.866075Z,28,72,no
808,eb65b4ee-3ee4-4c9c-bec3-8f30a88f64c6,U3-22JUN-T3.7,35,2022-07-07T18:55:22.044358Z,32,68,yes
809,4cb9ef74-6d65-4157-8040-672c9fcf22b5,U3-22JUN-T3.7,51,2022-07-07T18:55:22.044358Z,33,67,yes
810,3a2d7cae-6555-4fc8-96d9-8a55a6eb9aae,U3-22JUN-T3.7,14,2022-07-07T18:55:22.044358Z,32,68,yes
811,7b5984a1-63b9-42b8-8ada-6274d8068594,U3-22JUN-T3.7,35,2022-07-07T18:25:49.854538Z,28,72,no
812,19852241-224d-421d-a283-1eed9ad988d8,U3-22JUN-T3.7,60,2022-07-07T15:13:20.909608Z,28,72,no
813,c1bd1332-ba7d-4565-874b-a3cce64c1b7e,U3-22JUN-T3.7,176,2022-07-06T21:46:07.557702Z,25,75,no
814,9c99ecbc-311f-4fb9-a505-63b424f5051a,U3-22JUN-T3.7,232,2022-07-06T21:46:07.557702Z,24,76,no
815,f64b7d7e-c393-4e26-ad4f-7473ceda07c8,U3-22JUN-T3.7,79,2022-07-06T19:45:58.39529Z,29,71,yes
816,d84a6167-ba1a-4f3c-848d-490902f7627d,U3-22JUN-T3.7,109,2022-07-06T19:45:58.39529Z,28,72,yes
817,c42b8565-76ab-488d-8bea-140954e31382,U3-22JUN-T3.7,30,2022-07-06T19:45:58.39529Z,30,70,yes
818,53b60bce-dea4-4edd-9ae4-480d4add414a,U3-22JUN-T3.7,100,2022-07-06T19:45:58.39529Z,30,70,yes
819,254a7dc9-b115-45a0-a0ee-78582bcfd0cb,U3-22JUN-T3.7,109,2022-07-06T19:45:58.39529Z,28,72,yes
820,183b2801-8498-49e9-abea-25c1445af0c3,U3-22JUN-T3.7,45,2022-07-06T19:45:58.39529Z,29,71,yes
821,04980135-0419-462b-814f-6656a26030f8,U3-22JUN-T3.7,166,2022-07-06T19:45:58.39529Z,29,71,yes
822,15ad1dce-793d-49d2-9259-da1d38c8c474,U3-22JUN-T3.7,100,2022-07-06T16:35:59.625078Z,23,77,no
823,f3e0e30a-babe-4d4a-973a-c247938b9a31,U3-22JUN-T3.7,9,2022-07-05T19:51:45.0629Z,23,77,no
824,bc0bd232-6858-4ed7-bf2e-31e6699a0cbb,U3-22JUN-T3.7,1,2022-07-05T19:51:45.0629Z,24,76,no
825,dffa1e81-92a8-4bd8-ad2f-d03a5e897b18,U3-22JUN-T3.7,49,2022-07-05T15:31:18.875301Z,24,76,no
826,c641a9be-97f1-422d-ad81-bd6c55422ebf,U3-22JUN-T3.7,182,2022-07-05T15:31:18.875301Z,24,76,no
827,1fb2598c-c2bc-4b56-9193-108c079c76c4,U3-22JUN-T3.7,53,2022-07-05T15:31:18.875301Z,25,75,no
828,8b0a90ac-e58a-4b9c-ba80-9f89c2ee0e16,U3-22JUN-T3.7,20,2022-07-05T15:23:41.52029Z,29,71,yes
829,15f427e9-a512-417f-8554-94f2b62c7c31,U3-22JUN-T3.7,100,2022-07-05T00:31:19.218834Z,25,75,no
830,b00bd559-f77e-4035-8ac9-89b932d685d9,U3-22JUN-T3.7,1,2022-07-03T15:49:43.933339Z,25,75,no
831,f9c6d5b1-5b51-46b2-958f-8beeb6b767e1,U3-22JUN-T3.7,15,2022-06-30T14:49:48.645836Z,25,75,no
832,04068cb5-3e69-44d2-84af-3e2e63a4dde7,U3-22JUN-T3.7,1,2022-06-29T18:40:17.753069Z,29,71,yes
833,0ecb0ab0-9020-4426-97e8-680f6264ca88,U3-22JUN-T3.7,5,2022-06-28T12:34:52.025386Z,25,75,no
834,0eb3fdc2-fc52-4fc7-ae8d-2c43192e728c,U3-22JUN-T3.7,10,2022-06-26T18:42:16.94252Z,25,75,no
835,02cf7e2b-16b5-4c8e-81ad-4fd58f0f510f,U3-22JUN-T3.7,50,2022-06-26T00:10:46.871567Z,29,71,yes
836,c2f9bb2f-db22-45d9-a251-c1fee1c175ed,U3-22JUN-T3.7,100,2022-06-25T00:43:56.071963Z,26,74,no
837,0af967fd-cb8f-4374-b7d4-4e91f9028145,U3-22JUN-T3.7,159,2022-06-24T19:25:16.322513Z,30,70,yes
838,3e6e0199-ab41-4bb8-a874-03ade645f563,U3-22JUN-T3.7,164,2022-06-24T19:25:02.145602Z,29,71,yes
839,d933d2eb-2932-430b-bd0d-e9ce66a5c214,U3-22JUN-T3.7,132,2022-06-24T19:24:49.573557Z,28,72,yes
840,48006d27-7221-4feb-9884-e01c998d5a1b,U3-22JUN-T3.7,4,2022-06-24T16:23:37.246714Z,28,72,yes
841,fcf335e3-f2eb-4298-ad5b-184f701abb71,U3-22JUN-T3.7,91,2022-06-23T16:13:42.010836Z,24,76,yes
842,c24732ba-e85a-4dd5-82aa-299c232640e9,U3-22JUN-T3.7,92,2022-06-23T16:13:42.010836Z,24,76,yes
843,975aa094-9bad-4ddf-a1a0-775ff12598f7,U3-22JUN-T3.7,117,2022-06-23T16:13:11.429485Z,23,77,yes
844,01261df0-e07c-4f31-ba59-6b60ff58eb06,U3-22JUN-T3.7,86,2022-06-23T16:13:11.429485Z,23,77,yes
845,883a6083-7d29-4add-aa02-47a7b61c70b0,U3-22JUN-T3.7,23,2022-06-23T16:12:55.204653Z,22,78,yes
846,91fb496c-18ff-4b6d-b277-728438576829,U3-22JUN-T3.7,80,2022-06-22T15:36:50.801755Z,19,81,yes
847,f84ef438-b141-4f0c-a2f8-f5723082bd28,U3-22JUN-T3.7,92,2022-06-22T15:36:42.516039Z,18,82,yes
848,73aca01a-d911-4491-b1e8-373cc1a1827c,U3-22JUN-T3.7,9,2022-06-22T15:36:25.787627Z,17,83,yes
849,1f350cc7-b621-4b2e-8345-808f0e60c469,U3-22JUN-T3.7,12,2022-06-18T14:34:34.814039Z,14,86,no
850,ef566727-d6d2-4c57-9904-24aa56c547ad,U3-22JUN-T3.7,6,2022-06-15T15:46:48.446119Z,12,88,yes
851,67530691-bc28-40ae-9ed0-bfa936793505,U3-22JUN-T3.7,121,2022-06-15T15:46:48.446119Z,12,88,yes
852,2158a1ec-3243-4fe6-89d8-8f0f6bb95727,U3-22JUN-T3.7,105,2022-06-15T15:46:48.446119Z,14,86,yes
853,1b8c8d6d-f623-4f2a-b076-1351a5a99774,U3-22JUN-T3.7,112,2022-06-15T15:46:48.446119Z,13,87,yes
854,0874bf93-1c3c-4603-bc43-7659bae14724,U3-22JUN-T3.7,6,2022-06-15T15:46:48.446119Z,13,87,yes
855,4c7314b2-9b7e-4f20-acbd-fd62e8bd851c,U3-22JUN-T3.7,10,2022-06-10T00:14:53.956499Z,11,89,yes
856,e4de6986-fedd-4d85-b6b4-7b0af6177330,U3-22JUN-T3.7,100,2022-06-08T15:16:56.512914Z,11,89,yes
857,5af9fadd-e612-4213-86c6-72aa506761b7,U3-22JUN-T3.8,68,2022-07-08T12:21:07.495766Z,12,88,no
858,77e70d45-8b15-4f4c-ac65-1849730fe5a0,U3-22JUN-T3.8,300,2022-07-08T01:16:15.444609Z,12,88,no
859,614b6999-b246-4c53-933f-59f9bff7ec4e,U3-22JUN-T3.8,10,2022-07-08T01:00:43.42988Z,12,88,no
860,5b2d2c7b-ea7a-41f8-a413-88be8c937bc0,U3-22JUN-T3.8,148,2022-07-07T23:09:07.90565Z,13,87,no
861,d44b7584-6106-4faf-9132-ba162063be78,U3-22JUN-T3.8,10,2022-07-07T20:30:45.996243Z,13,87,no
862,6b95a8d6-0028-4d8e-ad72-2c5717470271,U3-22JUN-T3.8,50,2022-07-07T20:12:14.220496Z,13,87,no
863,36a13889-3f7a-4ef5-9d4b-63ababefd644,U3-22JUN-T3.8,30,2022-07-07T17:38:44.249253Z,13,87,no
864,90596170-9cb9-49d9-95cb-f075b4b48823,U3-22JUN-T3.8,10,2022-07-07T15:57:07.498777Z,13,87,no
865,77eba5e4-e5fd-42eb-a8e9-66bd56cc4f57,U3-22JUN-T3.8,180,2022-07-06T19:46:31.066399Z,17,83,yes
866,2022c161-b576-462b-b286-ea044ba56d34,U3-22JUN-T3.8,20,2022-07-06T19:46:31.066399Z,16,84,yes
867,c891c0ef-86cd-4dbc-b15a-315a98894400,U3-22JUN-T3.8,355,2022-07-05T16:39:07.436902Z,13,87,no
868,0a2e6f0a-b70d-42c0-b259-0e9e400135d3,U3-22JUN-T3.8,336,2022-07-05T16:39:07.436902Z,14,86,no
869,9a0d3f52-2574-433a-b6ba-d82642475a79,U3-22JUN-T3.8,32,2022-07-05T15:31:09.755228Z,16,84,no
870,41baa5b1-9706-455a-ac84-2ae870a4c079,U3-22JUN-T3.8,348,2022-07-05T15:31:09.755228Z,15,85,no
871,7f0c38d5-b0da-4093-ac9d-d75db1bb6563,U3-22JUN-T3.8,36,2022-07-05T13:54:37.010574Z,16,84,no
872,01bbdf5c-349a-498a-9ef7-655d153823df,U3-22JUN-T3.8,64,2022-07-05T13:54:37.010574Z,16,84,no
873,86b6d21a-e692-428c-bfef-d7a102e3b9bd,U3-22JUN-T3.8,100,2022-07-05T00:30:52.474874Z,16,84,no
874,5c2b57f1-1f18-43ae-8fbd-a3c24f4089c9,U3-22JUN-T3.8,72,2022-07-01T18:13:34.853105Z,16,84,no
875,886978ca-f758-42fa-b8ed-f6002de9ad76,U3-22JUN-T3.8,64,2022-06-30T17:09:50.273289Z,17,83,no
876,e2c9ec76-b35e-4412-b123-e3485ec4be8d,U3-22JUN-T3.8,188,2022-06-25T22:07:21.410719Z,19,81,yes
877,91d68b4f-b301-48d9-b999-e8fd66e96170,U3-22JUN-T3.8,100,2022-06-25T22:07:21.410719Z,19,81,yes
878,766d8f41-fb16-471b-9d2c-d05ed298f259,U3-22JUN-T3.8,183,2022-06-25T22:07:21.410719Z,20,80,yes
879,2a416a90-7e88-4fef-a577-4dc439bb0cac,U3-22JUN-T3.8,29,2022-06-25T22:07:21.410719Z,19,81,yes
880,bd6c85d0-3218-4fe5-9d1b-cfd48c4d66ce,U3-22JUN-T3.8,30,2022-06-25T00:44:05.710591Z,15,85,no
881,5f64f017-136d-479c-9c65-2d4c55a4cb73,U3-22JUN-T3.8,14,2022-06-25T00:44:05.710591Z,15,85,no
882,912a7d29-6685-4375-b80f-371865f58325,U3-22JUN-T3.8,221,2022-06-24T19:26:13.494502Z,18,82,yes
883,842497c6-7653-47d7-af20-12e917c94075,U3-22JUN-T3.8,233,2022-06-24T19:26:00.616064Z,17,83,yes
884,7f355c01-be51-4b54-9d69-3e562db202fb,U3-22JUN-T3.8,256,2022-06-24T19:25:44.081635Z,16,84,yes
885,e8db1b48-629d-43ec-a802-9b6f3a37bf67,U3-22JUN-T3.8,138,2022-06-23T16:14:09.647965Z,15,85,yes
886,6b5f859d-0038-44e1-bca0-fcff8cce5605,U3-22JUN-T3.8,14,2022-06-23T16:14:09.647965Z,15,85,yes
887,4e1d0c37-76bb-479b-9d3a-6b406a3912d8,U3-22JUN-T3.8,84,2022-06-22T15:37:33.884593Z,15,85,yes
888,17392f94-f51c-4d92-a8fe-01cf76c3c891,U3-22JUN-T3.8,8,2022-06-22T15:37:33.884593Z,15,85,yes
889,423fbde5-eab6-49cd-8a81-31bfa08ffe04,U3-22JUN-T3.8,101,2022-06-22T15:37:22.407005Z,14,86,yes
890,d84e4c76-43c0-4796-b0a0-86769263e561,U3-22JUN-T3.8,94,2022-06-22T15:37:12.566093Z,13,87,yes
891,f9bf04a9-c8b2-4f3d-9284-1be9d2a8a9c8,U3-22JUN-T3.8,115,2022-06-17T00:51:25.636221Z,12,88,yes
892,7a6c934d-034d-45d1-9d12-fd8e39043e58,U3-22JUN-T3.8,119,2022-06-17T00:51:25.636221Z,10,90,yes
893,6e986464-8bce-4ece-9ced-c4a2078d51b7,U3-22JUN-T3.8,126,2022-06-17T00:51:25.636221Z,11,89,yes
894,b38461e2-d271-459f-b07a-f217bb1b0a08,U3-22JUN-T3.8,152,2022-06-17T00:47:21.642826Z,9,91,yes
895,abd576e8-7347-4914-a813-39fdc79fde6d,U3-22JUN-T3.8,172,2022-06-17T00:47:21.642826Z,8,92,yes
896,49eb888c-bc53-467e-8211-bbc01a23e7fe,U3-22JUN-T3.8,197,2022-06-17T00:47:21.642826Z,7,93,yes
897,12b73555-b6ef-40c9-8cd6-eb9816ad7047,U3-22JUN-T3.8,206,2022-06-16T16:30:02.320599Z,6,94,yes
898,67f46e61-59a2-4f5f-83d0-8d6dd78740fb,U3-22JUN-T3.9,300,2022-07-08T01:21:37.625637Z,8,92,no
899,b5ad087e-9f53-473d-ab9a-fe4a30870d2d,U3-22JUN-T3.9,10,2022-07-07T20:31:12.596554Z,8,92,no
900,c1d144e9-e535-4b0d-ad4f-4b6f3fbf4920,U3-22JUN-T3.9,50,2022-07-07T20:12:00.607153Z,8,92,no
901,e20204ab-b23e-4a4a-bad4-87886b0ae7d0,U3-22JUN-T3.9,20,2022-07-07T18:49:37.409936Z,8,92,no
902,63e9ee52-39a3-4c72-b888-97376f2ce3a9,U3-22JUN-T3.9,5,2022-07-07T16:34:47.441154Z,8,92,no
903,aa82e88c-6dfa-4a42-867c-e9c64233a145,U3-22JUN-T3.9,10,2022-07-07T15:56:41.023738Z,8,92,no
904,5c92bf04-77f2-4858-9995-1a42af3a38fc,U3-22JUN-T3.9,20,2022-07-07T15:56:03.629288Z,8,92,no
905,27e08e42-9036-4a49-ae5d-0932f2f3c8ae,U3-22JUN-T3.9,30,2022-07-06T15:26:30.785783Z,8,92,no
906,5015818a-d7b4-4b7b-9113-3ec2fb12d29a,U3-22JUN-T3.9,11,2022-07-06T03:52:38.500206Z,8,92,no
907,5224b95c-29d0-446c-9811-a4b0ebf87080,U3-22JUN-T3.9,56,2022-07-01T21:08:14.922452Z,8,92,no
908,45fcff44-f888-4829-b95c-cf671a286a57,U3-22JUN-T3.9,24,2022-07-01T21:08:14.922452Z,8,92,no
909,62f1b200-3ca2-4204-8389-74758f484310,U3-22JUN-T3.9,146,2022-07-01T18:10:25.211766Z,9,91,no
910,c41544ca-3abd-4d70-ae3f-68fa3317e803,U3-22JUN-T3.9,62,2022-06-30T15:09:11.520793Z,12,88,yes
911,afee54c0-62e7-4c9e-b384-5807ae7dd311,U3-22JUN-T3.9,302,2022-06-30T15:09:11.520793Z,12,88,yes
912,7b14983f-3a03-4deb-a7c8-77c0ef557928,U3-22JUN-T3.9,39,2022-06-30T15:09:11.520793Z,11,89,yes
913,686a48c3-0884-4c97-af54-3a9cf11f850e,U3-22JUN-T3.9,97,2022-06-30T15:09:11.520793Z,11,89,yes
914,1b6bff3d-3deb-4382-81f0-0acb4cc67909,U3-22JUN-T3.9,10,2022-06-30T14:06:11.625621Z,8,92,no
915,c1e81dcf-e3a9-4b7f-811b-0d7958d94cff,U3-22JUN-T3.9,42,2022-06-29T02:11:16.386891Z,8,92,no
916,d2dbc7e5-8c23-4c17-b476-268ae8f6f468,U3-22JUN-T3.9,45,2022-06-25T22:07:34.498203Z,10,90,yes
917,74440afa-c0de-4c14-93c1-bd02b218c8f0,U3-22JUN-T3.9,119,2022-06-25T22:07:34.498203Z,11,89,yes
918,21a93949-212c-45b9-9290-e2d64c106067,U3-22JUN-T3.9,16,2022-06-25T22:07:34.498203Z,10,90,yes
919,07da6e01-1a9d-43a5-8cfb-65e4c47a19af,U3-22JUN-T3.9,320,2022-06-25T22:07:34.498203Z,10,90,yes
920,4d929ed6-3dfe-4822-9bec-0116fed8a8b2,U3-22JUN-T3.9,53,2022-06-25T03:52:11.162657Z,6,94,no
921,a9fd3f8b-a2f2-48e4-9b42-645ed2b6e5aa,U3-22JUN-T3.9,404,2022-06-24T19:27:12.105742Z,9,91,yes
922,b65fc6ab-0583-48b4-9d29-601e41a9618b,U3-22JUN-T3.9,455,2022-06-24T19:26:56.843469Z,8,92,yes
923,961962db-d157-47bc-9777-8fba09a3d349,U3-22JUN-T3.9,550,2022-06-24T19:26:41.261237Z,7,93,yes
924,1e4a5a03-0a6c-42aa-a475-508d7ff89d3f,U3-22JUN-T3.9,223,2022-06-22T15:38:05.224449Z,6,94,yes
925,7955d6b8-b8df-444c-8999-76e558ba1f82,U3-22JUN-T3.9,270,2022-06-22T15:37:56.839952Z,5,95,yes
926,d1d8f1b3-7ce1-4507-b2d5-3fda7eb2d4cd,U3-22JUN-T3.9,185,2022-06-22T15:37:45.644256Z,4,96,yes
927,c13c183a-16ed-4af4-afc7-7b76442e872e,U3-22JUN-T3.9,25,2022-06-19T20:26:30.73201Z,4,96,yes
928,d9fc4ec3-c16f-4661-a667-7bac212f36d9,U3-22JUN-T3.9,41,2022-06-16T16:29:43.920308Z,3,97,yes
929,a8a3908a-a12f-469d-92b8-268167a00a99,U3-22JUN-T3.9,100,2022-06-15T23:47:40.021735Z,4,96,yes
930,e51eebc6-2c1a-4b1e-bc4e-19dc31b5a796,U3-22JUN-T3.9,30,2022-06-08T16:12:12.21536Z,3,97,yes
931,a938e44c-f9a4-4cc6-859d-814729a0cb6a,U3-22JUN-T3.9,10,2022-06-07T00:45:12.510013Z,1,99,no
932,c11cedaf-4fa3-40d7-b290-6805cbacb089,U3-22JUL-T3.5,30,2022-08-04T15:44:36.588124Z,92,8,yes
933,f2fec2a9-1beb-4b6f-833d-fb1043e9167e,U3-22JUL-T3.5,125,2022-08-04T01:18:14.013001Z,92,8,yes
934,0a8d0cd4-f8ce-4660-b5e8-94747fe109d9,U3-22JUL-T3.5,50,2022-08-04T01:13:34.3325Z,90,10,no
935,fd1d15b2-d2ff-49bb-9915-6797be17fb13,U3-22JUL-T3.5,10,2022-08-03T19:34:03.600665Z,92,8,yes
936,e934ea4a-967f-46c1-8a6a-651327a7c696,U3-22JUL-T3.5,70,2022-08-03T15:42:44.317548Z,88,12,no
937,929d5211-fbaa-4387-8f3b-5977750da236,U3-22JUL-T3.5,13,2022-08-03T01:14:49.871212Z,92,8,no
938,b12b1495-9cfa-4487-9815-4e169c201d86,U3-22JUL-T3.5,249,2022-08-03T01:13:36.538532Z,92,8,yes
939,2375ef15-5ff6-47c5-b7b7-dc81a08ad02f,U3-22JUL-T3.5,115,2022-08-03T01:13:36.538532Z,92,8,yes
940,a3979446-ecb1-43e3-9733-66bfe64e64af,U3-22JUL-T3.5,79,2022-08-03T01:13:20.797507Z,91,9,yes
941,50c6700c-bbbb-433b-b4db-94c3f0441042,U3-22JUL-T3.5,47,2022-08-03T01:13:20.797507Z,91,9,yes
942,9e929fde-46f6-4825-bb5f-013238395f52,U3-22JUL-T3.5,1,2022-08-02T20:25:44.77594Z,87,13,no
943,ebbc7a25-e295-4a67-9e2a-7d0b6ad8807a,U3-22JUL-T3.5,245,2022-08-02T18:49:07.092361Z,88,12,no
944,0e01fbe9-fa28-4cb5-925b-7fc270979e08,U3-22JUL-T3.5,21,2022-08-02T18:49:07.092361Z,88,12,no
945,ae29c89f-b459-4833-ad34-d77a90d2a20f,U3-22JUL-T3.5,4,2022-08-02T18:48:58.840168Z,89,11,no
946,4208f483-a822-4933-ac05-5938d53289b5,U3-22JUL-T3.5,20,2022-07-31T20:32:16.356077Z,89,11,no
947,70e0b409-85c4-42db-9c48-30ca7c50071a,U3-22JUL-T3.5,1,2022-07-31T17:05:07.222389Z,93,7,yes
948,559fe89e-cc7e-4d4a-b006-fe8e9e9aab80,U3-22JUL-T3.5,50,2022-07-30T21:11:42.324835Z,89,11,no
949,d84f2551-104e-411b-90b7-90cd452267ad,U3-22JUL-T3.5,10,2022-07-30T15:39:24.275807Z,93,7,yes
950,f8140a63-53ec-460d-9499-94413c893ec5,U3-22JUL-T3.5,30,2022-07-29T15:39:45.167836Z,90,10,no
951,dcc35102-1384-4651-ace4-5daac0b8f899,U3-22JUL-T3.5,13,2022-07-29T14:20:52.611345Z,90,10,no
952,a2e2b3d2-9376-4be3-b949-e2559586e15f,U3-22JUL-T3.5,19,2022-07-29T14:20:52.611345Z,89,11,no
953,84e46a03-6fdd-4705-b0de-9b3d66e43d11,U3-22JUL-T3.5,168,2022-07-29T14:20:52.611345Z,90,10,no
954,5bca3f1b-a687-4a85-9f90-2018f2de3c52,U3-22JUL-T3.5,380,2022-07-28T20:18:01.291381Z,93,7,yes
955,57c652d1-6ef1-4bf6-a62b-7e9c2543f0aa,U3-22JUL-T3.5,134,2022-07-28T20:15:00.469481Z,92,8,yes
956,fd6ae307-c0b4-440e-a6ea-059974b519c4,U3-22JUL-T3.5,309,2022-07-28T20:00:34.464626Z,92,8,yes
957,888f0d3b-9246-48a3-adb7-a69e44e2bb92,U3-22JUL-T3.5,294,2022-07-28T20:00:23.429685Z,91,9,yes
958,b579de3e-8c27-4d7b-9934-dad74d497ffe,U3-22JUL-T3.5,124,2022-07-28T20:00:06.792417Z,90,10,yes
959,14af672c-c59a-470a-bd7f-f2084ee0470f,U3-22JUL-T3.5,43,2022-07-28T20:00:06.792417Z,90,10,yes
960,e1048886-44c4-4eb6-90c3-8f84d917438c,U3-22JUL-T3.5,12,2022-07-26T19:38:43.043291Z,90,10,yes
961,8f718aae-ac54-4a44-b32e-43afd61eb390,U3-22JUL-T3.5,57,2022-07-22T21:43:33.051771Z,87,13,no
962,569e4b37-e923-4ea5-b834-ec40ef644485,U3-22JUL-T3.5,79,2022-07-22T21:43:33.051771Z,86,14,no
963,3ed239df-c389-4d78-9149-837c78e0bf91,U3-22JUL-T3.5,144,2022-07-22T21:43:33.051771Z,86,14,no
964,1ad3a60a-4305-4cee-8abf-f6d052f14ce8,U3-22JUL-T3.5,121,2022-07-22T21:43:33.051771Z,85,15,no
965,1d7ec8d9-33fd-4d96-82c8-4cc6a8c3aaa7,U3-22JUL-T3.5,64,2022-07-22T21:10:06.475067Z,90,10,yes
966,4b812a1a-6acc-46be-a6b3-3540a1c2994f,U3-22JUL-T3.5,1,2022-07-22T17:23:34.453084Z,90,10,yes
967,d92c2e8f-b297-4a80-8c6f-a0ab47aefc3d,U3-22JUL-T3.5,161,2022-07-21T16:33:44.135332Z,90,10,yes
968,6f9cb390-d7aa-44c6-9f89-e1b0236f277c,U3-22JUL-T3.5,239,2022-07-21T16:33:44.135332Z,91,9,yes
969,9585f93b-882d-4448-ab32-475cc15068a8,U3-22JUL-T3.5,36,2022-07-17T01:33:50.488765Z,89,11,yes
970,d3812f0a-93b7-4312-b4eb-036f7ce88574,U3-22JUL-T3.5,4,2022-07-13T20:20:40.907623Z,86,14,no
971,3961d926-766f-4ef1-a445-ff3632837d96,U3-22JUL-T3.5,96,2022-07-13T20:20:40.907623Z,86,14,no
972,310ab1aa-bfce-494f-ac91-7f0927d77c66,U3-22JUL-T3.5,213,2022-07-12T03:42:22.483984Z,88,12,yes
973,43bc7e3f-d6b4-409f-b318-c1e7bb0face4,U3-22JUL-T3.5,20,2022-07-11T18:31:08.464705Z,88,12,yes
974,555252a3-acc5-4da0-844a-525ab12dc1ea,U3-22JUL-T3.5,4,2022-07-10T21:05:06.826846Z,86,14,yes
975,368c6f3f-c13c-400f-af5b-815b7606e9ce,U3-22JUL-T3.5,212,2022-07-08T18:39:36.987941Z,87,13,yes
976,9cd32148-d192-4a4d-aedd-1f545cf71c86,U3-22JUL-T3.5,199,2022-07-08T18:39:31.699152Z,86,14,yes
977,4a2edc5b-6e83-45db-acf4-ffd6ebe48591,U3-22JUL-T3.5,202,2022-07-08T18:39:26.617824Z,85,15,yes
978,e647a64b-c4f9-46f8-9b94-3aa9d6c8f5ec,U3-22JUL-T3.5,8,2022-07-08T18:31:23.439345Z,84,16,yes
979,f6836fc6-41ce-4d73-8a47-dc2dad942962,U3-22JUL-T3.5,42,2022-07-08T18:26:43.816919Z,84,16,yes
980,30d8a5db-b76a-498d-883a-6a68ddd8a297,U3-22JUL-T3.5,28,2022-07-08T18:26:43.816919Z,84,16,yes
981,6c3ecb9c-1288-42b8-a8d3-ff7184c84659,U3-22JUL-T3.6,5,2022-08-05T12:18:01.142798Z,58,42,yes
982,f86389d6-070e-48ed-ac90-d85315e5daa1,U3-22JUL-T3.6,10,2022-08-05T12:17:16.459872Z,58,42,yes
983,db14181c-b596-4bc9-a7eb-bb1ef8961848,U3-22JUL-T3.6,136,2022-08-05T12:12:12.445768Z,56,44,yes
984,77d78075-02f5-40c5-ab00-9189c7915d5f,U3-22JUL-T3.6,109,2022-08-05T12:12:12.445768Z,55,45,yes
985,1466627d-0b5a-4aa7-9fe2-192ac4e5e10b,U3-22JUL-T3.6,134,2022-08-05T12:12:12.445768Z,57,43,yes
986,e7763bc9-abd1-4185-b924-c6223363e192,U3-22JUL-T3.6,11,2022-08-04T22:17:58.043776Z,52,48,yes
987,9635eebc-797a-4268-ae14-1431410b892a,U3-22JUL-T3.6,9,2022-08-04T22:16:33.95925Z,51,49,yes
988,ea55c9b5-5a22-4738-ae59-1d8aebfab17b,U3-22JUL-T3.6,8,2022-08-04T21:08:25.842309Z,47,53,no
989,a1001bf2-8c6e-48c8-b7aa-13c254f60812,U3-22JUL-T3.6,10,2022-08-04T21:08:25.842309Z,48,52,no
990,56909d4c-bf98-4a9a-aab5-f35f05b7af6e,U3-22JUL-T3.6,114,2022-08-04T21:08:25.842309Z,47,53,no
991,dfa05d88-6840-406f-a6aa-250ab55a99cb,U3-22JUL-T3.6,105,2022-08-04T20:36:19.488067Z,51,49,yes
992,0fb503e0-82d6-44f3-bfcd-a7400a2e592c,U3-22JUL-T3.6,106,2022-08-04T20:36:19.488067Z,52,48,yes
993,e9d3341c-0bd4-416c-9b7d-82c458135db5,U3-22JUL-T3.6,105,2022-08-04T20:03:48.371458Z,50,50,yes
994,e8291aaa-1623-4b63-8870-d85f45845f36,U3-22JUL-T3.6,250,2022-08-04T20:03:48.371458Z,49,51,yes
995,a1b43ce0-e58a-4934-8281-e5a00f7a6f00,U3-22JUL-T3.6,114,2022-08-04T20:03:48.371458Z,48,52,yes
996,7cdb0d94-4e68-4cbc-bcbf-bd3394aa860d,U3-22JUL-T3.6,106,2022-08-04T20:03:48.371458Z,49,51,yes
997,8a8354ba-e606-4b4d-a255-3e5c7689b39f,U3-22JUL-T3.6,2,2022-08-04T18:21:07.579595Z,47,53,yes
998,d9533b76-7a94-42e0-989b-71aed953cc91,U3-22JUL-T3.6,107,2022-08-04T17:02:58.982352Z,44,56,no
999,8c726fc0-458b-4c6c-86f4-ed41037c15d5,U3-22JUL-T3.6,109,2022-08-04T17:02:58.982352Z,43,57,no
1000,329db2e9-ac1a-4c10-af72-207b73ce59d3,U3-22JUL-T3.6,76,2022-08-04T17:02:58.982352Z,45,55,no
1001,7739d862-9edd-479c-a3fd-09024d1d347f,U3-22JUL-T3.6,20,2022-08-04T12:40:27.167525Z,50,50,yes
1002,96731d27-8ebd-4988-b557-0332f842a583,U3-22JUL-T3.6,25,2022-08-04T01:13:41.698606Z,45,55,no
1003,1298253d-a24c-4e88-84e8-0398d1dfa6f8,U3-22JUL-T3.6,10,2022-08-03T20:33:06.650307Z,50,50,yes
1004,8b0a4c92-3e4b-4025-a6aa-acda2d272a8c,U3-22JUL-T3.6,10,2022-08-03T16:57:42.990813Z,45,55,no
1005,f8fc893d-2d97-426e-93d5-ef2f1c5ca614,U3-22JUL-T3.6,49,2022-08-03T15:33:21.924763Z,46,54,no
1006,d4d9a504-81c4-43b2-9dbd-3efbed9888e0,U3-22JUL-T3.6,112,2022-08-03T15:33:21.924763Z,45,55,no
1007,b46fccc2-a54d-43f6-958e-d40311fe1b59,U3-22JUL-T3.6,34,2022-08-03T15:33:21.924763Z,46,54,no
1008,0dfcb145-0335-4e28-a11e-3a2b0e2f0120,U3-22JUL-T3.6,10,2022-08-02T20:43:29.746515Z,51,49,yes
1009,c969f02a-35a6-4de5-94b6-4fcf0cf6b052,U3-22JUL-T3.6,107,2022-08-02T19:37:37.167154Z,45,55,no
1010,a6f41b44-0667-42bf-bf2a-30b5441a8547,U3-22JUL-T3.6,60,2022-08-02T19:37:37.167154Z,47,53,no
1011,3283da2b-60b6-44cb-8096-40218db4199d,U3-22JUL-T3.6,110,2022-08-02T19:37:37.167154Z,46,54,no
1012,bba469df-88ff-4bfc-9f94-a621f0513eee,U3-22JUL-T3.6,101,2022-08-02T19:31:58.042447Z,52,48,yes
1013,ad3862ea-26f5-4044-85a7-f805a8010e56,U3-22JUL-T3.6,5,2022-08-02T19:31:58.042447Z,53,47,yes
1014,a03d90f9-80a8-4c33-b71c-10e5a8e494e3,U3-22JUL-T3.6,150,2022-08-02T19:31:58.042447Z,52,48,yes
1015,7417a05e-d2a6-4820-8d22-7022fef35352,U3-22JUL-T3.6,38,2022-08-02T19:31:58.042447Z,51,49,yes
1016,5703312a-aa0b-40e6-a059-491b1b9e252f,U3-22JUL-T3.6,79,2022-08-02T19:31:58.042447Z,53,47,yes
1017,2773b7a7-f56e-4c24-afd1-2fa2ff58c846,U3-22JUL-T3.6,26,2022-08-02T19:31:58.042447Z,53,47,yes
1018,bb99f709-2403-47df-851f-8453f52094af,U3-22JUL-T3.6,10,2022-08-02T18:48:18.157328Z,48,52,no
1019,afa89e94-7ed7-4237-a97f-1500a63d56dc,U3-22JUL-T3.6,96,2022-08-02T18:48:18.157328Z,46,54,no
1020,9e94b92b-1e21-4cc0-a1ff-b26f8edb9024,U3-22JUL-T3.6,46,2022-08-02T18:48:18.157328Z,47,53,no
1021,6116cc61-8f4c-4119-87ef-93e694159bc7,U3-22JUL-T3.6,58,2022-08-02T18:48:18.157328Z,47,53,no
1022,76793e93-6335-496c-a498-16349d92a1ef,U3-22JUL-T3.6,12,2022-08-02T17:29:39.03913Z,52,48,yes
1023,0575311c-d93e-4ce1-9b08-2c6c523ce9c9,U3-22JUL-T3.6,18,2022-08-02T17:29:39.03913Z,53,47,yes
1024,e0e0335f-8db5-433c-99f4-cf516285ed5c,U3-22JUL-T3.6,15,2022-08-02T16:59:08.898892Z,48,52,no
1025,c19d2ecc-212e-4b12-a429-3547c40852aa,U3-22JUL-T3.6,21,2022-08-02T16:59:08.898892Z,47,53,no
1026,9d40f6f4-2801-47ff-b39e-b8b6232d78ea,U3-22JUL-T3.6,44,2022-08-02T16:59:08.898892Z,47,53,no
1027,6de1b702-2324-44d7-bf24-bd97dd926840,U3-22JUL-T3.6,20,2022-08-02T16:59:08.898892Z,48,52,no
1028,b7f3f8e7-f191-4ee0-b8e0-abd1281df26d,U3-22JUL-T3.6,18,2022-08-02T15:37:04.018762Z,48,52,no
1029,1cddb24c-7375-4c55-9eaf-96d99d44bae6,U3-22JUL-T3.6,2,2022-08-02T15:37:04.018762Z,47,53,no
1030,f075479d-e722-41f8-9ae3-e16c1c4183c4,U3-22JUL-T3.6,12,2022-08-02T15:03:48.000713Z,49,51,no
1031,eb9ad201-29d1-4d8d-8590-b0a924f9d745,U3-22JUL-T3.6,85,2022-08-02T15:03:48.000713Z,47,53,no
1032,a7ed700a-3b4a-4a85-b216-1932839d5b4e,U3-22JUL-T3.6,103,2022-08-02T15:03:48.000713Z,48,52,no
1033,509fde7b-e6f5-423a-8b3d-67e258ae8559,U3-22JUL-T3.6,17,2022-08-01T01:48:33.589565Z,55,45,yes
1034,fdb640e0-1456-4338-a16b-d08df9ad0630,U3-22JUL-T3.6,24,2022-07-30T21:11:55.23957Z,50,50,no
1035,0850c00b-bc4e-44c4-816c-14a56fdd414c,U3-22JUL-T3.6,50,2022-07-29T15:48:38.590918Z,51,49,no
1036,e7111dc7-6125-4041-94ba-b9dd6eba3139,U3-22JUL-T3.6,5,2022-07-29T13:13:21.674745Z,52,48,no
1037,24321e19-2059-4b65-972b-e3febff6ab3c,U3-22JUL-T3.6,15,2022-07-29T13:13:21.674745Z,52,48,no
1038,7c1e8bf1-a632-4735-a564-df9eeed68846,U3-22JUL-T3.6,25,2022-07-27T22:15:49.625068Z,51,49,no
1039,b23106db-7c54-4daa-8865-99260f65589e,U3-22JUL-T3.6,1,2022-07-26T21:18:46.548425Z,56,44,yes
1040,41e62837-abb9-48ca-8367-0db2f0825eaa,U3-22JUL-T3.6,1,2022-07-26T19:20:09.598875Z,56,44,yes
1041,91fa1c07-021b-4632-b769-27c2258f6936,U3-22JUL-T3.6,4,2022-07-25T13:39:06.340585Z,51,49,no
1042,7dd83800-fc5a-44ba-b602-39db7e257701,U3-22JUL-T3.6,6,2022-07-25T13:39:06.340585Z,50,50,no
1043,57f7e24e-341d-449a-9933-7ea46feebb36,U3-22JUL-T3.6,25,2022-07-24T16:54:38.710491Z,55,45,no
1044,ca39bfb6-7b68-437c-b19a-2511d3354204,U3-22JUL-T3.6,68,2022-07-23T14:38:22.844478Z,55,45,yes
1045,9ea6411f-80ff-44d2-a589-0ae8515efd00,U3-22JUL-T3.6,7,2022-07-23T14:38:22.844478Z,55,45,yes
1046,3df2fb34-1c65-4285-bb57-49d5e8f75239,U3-22JUL-T3.6,18,2022-07-23T02:33:04.605395Z,55,45,yes
1047,81f42e97-aedd-4e2e-aac5-f025be972b4c,U3-22JUL-T3.6,98,2022-07-22T21:43:29.811324Z,49,51,no
