,trade_id,ticker,count,created_time,yes_price,no_price,taker_side
0,e391ea6d-0676-4d11-b864-931cae882a22,U3-24JAN-T3.3,500,2024-02-02T13:24:48.871975Z,99,1,yes
1,9634ad6d-7f25-4c19-b3b1-81edd1e34f01,U3-24JAN-T3.3,500,2024-02-02T13:24:39.648438Z,99,1,yes
2,9657aae6-98d6-4046-9f1b-1a59ef0cc363,U3-24JAN-T3.3,100,2024-02-01T17:08:20.105282Z,97,3,no
3,7169d815-af4a-47db-bb11-f7c9baf560f3,U3-24JAN-T3.3,200,2024-02-01T17:08:03.633496Z,97,3,yes
4,abec8651-c898-450b-8d51-fce609cda1d8,U3-24JAN-T3.3,100,2024-01-31T14:03:58.267685Z,97,3,yes
5,5d42b74b-7e3f-4df4-9979-f6b89c4a403a,U3-24JAN-T3.3,10,2024-01-29T23:19:51.087057Z,97,3,yes
6,fa924200-5002-45cc-98b6-28db7d649b1f,U3-24JAN-T3.3,150,2024-01-28T16:01:33.126124Z,98,2,yes
7,3a9e916f-5020-49f5-9053-0ff671f07b3b,U3-24JAN-T3.3,50,2024-01-13T17:03:50.170686Z,98,2,yes
8,74154d86-ecb3-4880-9a4e-5a074dbe26e2,U3-24JAN-T3.3,600,2024-01-11T18:33:52.47702Z,97,3,yes
9,5cf5f775-d4b4-4a54-811b-17919b023f53,U3-24JAN-T3.3,200,2024-01-10T16:49:21.536704Z,97,3,yes
10,7a9b281c-324d-42fb-bca9-4b9442fbdbc8,U3-24JAN-T3.3,50,2024-01-02T16:18:05.161641Z,97,3,no
11,2016db2b-99ea-4010-8d12-51f54befcbb9,U3-24JAN-T3.3,100,2024-01-02T16:17:53.935036Z,97,3,yes
12,79bae6fc-0fe8-49c2-bb78-53f6d1eac2fc,U3-24JAN-T3.4,500,2024-02-02T13:24:24.312101Z,97,3,yes
13,d92d5770-29a2-4550-90ea-3af3fdba52aa,U3-24JAN-T3.4,200,2024-02-02T13:21:41.733579Z,97,3,yes
14,97923b1e-67fc-439f-b416-825a05e9c197,U3-24JAN-T3.4,300,2024-02-02T13:20:23.697655Z,97,3,yes
15,b7131f1a-af43-4ea2-a1bd-c69f19a67568,U3-24JAN-T3.4,500,2024-02-02T13:17:39.326243Z,97,3,yes
16,e22eba79-2eab-4fc4-bc8a-f1c38496fe54,U3-24JAN-T3.4,500,2024-02-02T13:16:48.613032Z,97,3,yes
17,10963d4f-ddfd-4034-a80d-a29194a4e185,U3-24JAN-T3.4,500,2024-02-02T13:15:44.735461Z,97,3,yes
18,e15d6e26-4b4f-448e-b2b6-e36695600dbc,U3-24JAN-T3.4,500,2024-02-02T13:15:23.566832Z,97,3,yes
19,2c489d4f-df5a-4788-a6a0-86d4cf5576f7,U3-24JAN-T3.4,200,2024-02-02T13:14:46.198544Z,97,3,yes
20,ea2f663c-2122-4a37-a84f-7a00f0fa8cf0,U3-24JAN-T3.4,300,2024-02-02T13:14:35.25983Z,96,4,yes
21,03e39130-51aa-4b67-bf21-c84912da41bf,U3-24JAN-T3.4,11,2024-02-02T13:04:10.369608Z,96,4,yes
22,d6357b40-0a50-4111-bf0a-5a2d55714a39,U3-24JAN-T3.4,103,2024-02-01T23:16:27.476821Z,96,4,yes
23,5fe328a6-913b-45c2-aeb9-b2983a9cefaf,U3-24JAN-T3.4,15,2024-02-01T16:46:08.360345Z,95,5,yes
24,afccd635-5a81-4645-90e0-88211f6258d5,U3-24JAN-T3.4,10,2024-01-31T14:44:56.504686Z,95,5,yes
25,b660c497-f258-4d1e-8ab4-ad501a0b25d3,U3-24JAN-T3.4,5,2024-01-31T02:51:30.701468Z,95,5,yes
26,3c7786bd-4502-4174-81b4-0ade31779bc3,U3-24JAN-T3.4,5,2024-01-30T18:29:25.55058Z,95,5,yes
27,e980a87f-ec6d-41ac-9955-cbffea46fad5,U3-24JAN-T3.4,10,2024-01-30T13:03:28.074138Z,95,5,yes
28,a41116b4-6087-411c-b3f6-9810db3e4bac,U3-24JAN-T3.4,10,2024-01-29T23:19:30.327857Z,95,5,yes
29,05d36df6-4bec-412a-9aeb-2d985e622554,U3-24JAN-T3.4,102,2024-01-06T16:35:39.339737Z,97,3,yes
30,9caa4661-0e44-4189-a792-ce5c67437aa2,U3-24JAN-T3.5,50,2024-02-02T13:24:33.601246Z,89,11,yes
31,48904a7a-07c8-492c-8727-385293b14db8,U3-24JAN-T3.5,10,2024-02-02T13:24:21.527739Z,88,12,no
32,28254753-a879-4bdb-9b80-222306e441e4,U3-24JAN-T3.5,600,2024-02-02T13:24:21.527739Z,88,12,no
33,b8c842bc-7fc6-4282-922e-66f3d27dbd38,U3-24JAN-T3.5,50,2024-02-02T13:22:11.272603Z,89,11,yes
34,f40c46de-a5cd-44bb-b49e-105813a9470a,U3-24JAN-T3.5,19,2024-02-02T13:05:29.945248Z,89,11,yes
35,8c1d8de9-df64-44a3-94c6-4a280798ab1a,U3-24JAN-T3.5,22,2024-02-01T23:18:27.747006Z,89,11,yes
36,7d6da50e-e21f-450c-883a-aa919ce96bf5,U3-24JAN-T3.5,25,2024-02-01T23:02:45.768219Z,89,11,yes
37,65ab152c-2c6a-4fda-af24-a7ea9c84f87b,U3-24JAN-T3.5,46,2024-02-01T19:53:51.820069Z,88,12,yes
38,92db944f-1f76-48ca-8f3c-1ce23c360de6,U3-24JAN-T3.5,100,2024-02-01T19:36:29.169089Z,88,12,yes
39,d6e3f1dc-f6bc-4da7-a1e8-de7f51a8f230,U3-24JAN-T3.5,1,2024-01-31T16:01:02.807535Z,88,12,yes
40,c4f1621b-3ca1-430d-8d25-d85cffaeac33,U3-24JAN-T3.5,80,2024-01-31T15:59:40.076061Z,88,12,yes
41,0a11241d-f708-4522-aec9-527c14e124d2,U3-24JAN-T3.5,100,2024-01-27T19:18:31.244079Z,88,12,yes
42,c67e433b-f610-4622-b2a3-c3608a69a2ab,U3-24JAN-T3.5,4,2024-01-26T16:22:33.884345Z,88,12,yes
43,64d4c830-6854-44fa-a2ce-e34d7ab814a8,U3-24JAN-T3.5,169,2024-01-23T21:10:47.408674Z,88,12,yes
44,5a61e41f-6c5d-4624-bed4-b989b21c04da,U3-24JAN-T3.5,10,2024-01-20T13:28:48.652014Z,89,11,yes
45,7a929f05-cc8c-4e89-bc22-deff4674f555,U3-24JAN-T3.5,5,2024-01-11T18:07:24.407631Z,89,11,yes
46,d58c44b7-b0a4-483e-9b5a-6cb648643120,U3-24JAN-T3.5,5,2024-01-04T21:02:06.110538Z,87,13,no
47,cd98fa74-bfb0-4531-ab61-e8f24ac5ba2e,U3-24JAN-T3.5,50,2024-01-03T00:35:24.431977Z,87,13,no
48,4a1b00fb-d330-4992-ab47-47ca7e4749a2,U3-24JAN-T3.6,32,2024-02-02T13:18:45.830202Z,75,25,yes
49,5a63a762-d12a-46fd-a386-47479c446f41,U3-24JAN-T3.6,25,2024-02-01T18:47:47.872676Z,69,31,yes
50,3628609b-1a61-4ec1-83e9-c9de1d5563ee,U3-24JAN-T3.6,4,2024-02-01T14:40:56.277863Z,69,31,yes
51,eaff4100-b157-40f1-93e6-40d5179409dc,U3-24JAN-T3.6,400,2024-01-31T00:07:50.459285Z,68,32,yes
52,cddb83be-0d95-4c9e-a8c1-ac325d2cec70,U3-24JAN-T3.6,31,2024-01-30T18:50:00.971625Z,68,32,yes
53,bf06e0cd-4d3a-4965-ac07-0d0250530aa3,U3-24JAN-T3.6,43,2024-01-30T18:49:45.417481Z,68,32,yes
54,6706c408-c611-4e46-ab57-c068c0b75709,U3-24JAN-T3.6,100,2024-01-29T22:59:59.488921Z,68,32,yes
55,79ef514c-459d-404f-9366-967ef47fb163,U3-24JAN-T3.6,15,2024-01-29T04:34:06.116137Z,68,32,yes
56,18d615f3-66b5-4e9b-b5cf-a8b492ea9e11,U3-24JAN-T3.6,50,2024-01-27T19:25:03.30982Z,65,35,yes
57,e666afba-ea06-46c8-bbce-84e123d6391f,U3-24JAN-T3.6,200,2024-01-26T14:01:56.937126Z,65,35,yes
58,0100c771-1fd0-4183-83c0-d984136a6c8c,U3-24JAN-T3.6,4,2024-01-11T18:07:05.224057Z,67,33,yes
59,197f05b7-393d-4948-a19b-4ae3dd6c9024,U3-24JAN-T3.6,30,2024-01-04T20:04:12.412378Z,68,32,no
60,03de0433-962f-4194-8638-2e0c0f9eefae,U3-24JAN-T3.6,90,2024-01-04T20:04:12.412378Z,66,34,no
61,b2db9ff4-3fb3-4147-94e6-36c8bf5515df,U3-24JAN-T3.7,250,2024-02-02T00:11:34.268751Z,60,40,yes
62,cb29f759-f685-4c91-9168-410751b230af,U3-24JAN-T3.7,100,2024-02-02T00:08:20.872251Z,59,41,yes
63,35b30301-4ada-49d8-8778-a2644e8cd189,U3-24JAN-T3.7,200,2024-02-01T18:43:30.937108Z,54,46,yes
64,9aad0157-f095-411a-a7ae-61a2f006a8a8,U3-24JAN-T3.7,300,2024-02-01T18:42:50.499475Z,54,46,yes
65,6916b884-efc3-448e-8ae6-16238b83b68f,U3-24JAN-T3.7,200,2024-02-01T18:36:34.999213Z,51,49,yes
66,50960a1c-b88e-4081-aed4-0ab0d9ccca6a,U3-24JAN-T3.7,25,2024-02-01T18:36:34.999213Z,51,49,yes
67,48488b3a-a4ca-4ff6-9bab-6ed73ae44071,U3-24JAN-T3.7,145,2024-02-01T18:36:34.999213Z,56,44,yes
68,1d83729e-13c6-4ea0-9ec4-9fb13e21abcf,U3-24JAN-T3.7,1000,2024-02-01T18:36:34.999213Z,53,47,yes
69,c8c769af-086b-4292-98ce-75b3e13fda17,U3-24JAN-T3.7,46,2024-02-01T02:58:15.685341Z,52,48,yes
70,6b2e94b7-d1c2-4ec3-a3c4-1d8971719078,U3-24JAN-T3.7,189,2024-01-31T20:51:24.015476Z,51,49,yes
71,c4735820-f2c6-418b-a2f9-3a640e6d4774,U3-24JAN-T3.7,100,2024-01-31T15:42:13.345936Z,51,49,yes
72,fb721841-801b-4de4-9e85-1dc6f7bffd27,U3-24JAN-T3.7,18,2024-01-31T14:37:32.303256Z,51,49,yes
73,c5f0fe34-5235-4ab2-af2b-94a66897338c,U3-24JAN-T3.7,50,2024-01-31T00:32:23.989973Z,47,53,no
74,81fb44e6-b55b-476a-88e7-23861b8d1aee,U3-24JAN-T3.7,52,2024-01-30T18:46:01.384105Z,50,50,yes
75,59be72e2-5574-45fc-bf7c-fad7b9d4e433,U3-24JAN-T3.7,10,2024-01-30T18:46:01.384105Z,49,51,yes
76,fcb21c87-8292-449b-9250-a3057e287510,U3-24JAN-T3.7,10,2024-01-30T03:14:21.409037Z,47,53,no
77,17da915b-e786-4224-ba0f-af711815f1d1,U3-24JAN-T3.7,8,2024-01-30T03:14:21.409037Z,46,54,no
78,38b90271-856a-45c4-834e-a3a63fa4629b,U3-24JAN-T3.7,19,2024-01-29T23:42:00.809017Z,50,50,yes
79,876057d6-d5e9-4c69-928c-5dfbe2ebba0f,U3-24JAN-T3.7,1,2024-01-29T19:19:20.647349Z,57,43,yes
80,d56f7da1-fb34-4820-854a-3f6ce6a98cd0,U3-24JAN-T3.7,1,2024-01-29T18:40:53.230236Z,57,43,yes
81,0bdf46ea-bb2c-4b6d-a96a-9092d803f5cb,U3-24JAN-T3.7,170,2024-01-26T19:56:28.965421Z,57,43,yes
82,77f4cd5d-2b6f-42c2-96ea-b6be7aadd9e7,U3-24JAN-T3.7,83,2024-01-26T14:01:39.20951Z,57,43,yes
83,21573f62-7fc7-4579-9575-15bfb35adac0,U3-24JAN-T3.7,17,2024-01-26T14:01:39.20951Z,56,44,yes
84,c71e4946-580e-453c-a41d-0128fe00dbc3,U3-24JAN-T3.7,17,2024-01-24T23:48:31.744194Z,56,44,yes
85,3cb4493d-314e-4a0d-a984-be5530f5eece,U3-24JAN-T3.7,173,2024-01-24T15:34:19.72878Z,56,44,yes
86,d0d168ab-32b7-43a1-8ed9-513302d16bb1,U3-24JAN-T3.7,4,2024-01-24T15:22:16.750667Z,56,44,yes
87,d7cbde52-1230-40a9-980c-a07934f228c6,U3-24JAN-T3.7,1,2024-01-22T20:46:42.451289Z,56,44,yes
88,0d6e74d5-bce7-4cdf-a503-70f4c43b8eb0,U3-24JAN-T3.7,8,2024-01-20T03:10:01.189155Z,56,44,yes
89,4bfc496d-6a5b-4048-94b6-7f50ed719f8e,U3-24JAN-T3.7,1,2024-01-19T20:27:53.756924Z,56,44,yes
90,cc2fb1fd-4d40-4159-984f-5789b376c05b,U3-24JAN-T3.7,3,2024-01-18T19:45:36.703527Z,55,45,yes
91,c72b946c-95c0-4008-97d1-88b232ca4831,U3-24JAN-T3.7,5,2024-01-18T19:34:24.825632Z,51,49,no
92,30b21de3-efe2-411c-aecd-03b7fadf996a,U3-24JAN-T3.7,9,2024-01-16T17:57:48.953268Z,51,49,no
93,f6f22536-2af0-4e7c-8966-e06fa45e806a,U3-24JAN-T3.7,13,2024-01-16T04:09:39.214242Z,51,49,no
94,253eb200-4e14-436d-98a4-bc9fa93c3bfc,U3-24JAN-T3.7,6,2024-01-16T04:09:39.214242Z,52,48,no
95,05a75df0-24c9-4125-83b8-a02dd4cad6cc,U3-24JAN-T3.7,4,2024-01-14T22:21:15.203937Z,52,48,no
96,4a218779-5f36-42e8-9ada-fb26774bad89,U3-24JAN-T3.7,17,2024-01-14T21:12:37.841919Z,56,44,yes
97,6449f7a9-aa11-4946-9aae-7b586b0c5702,U3-24JAN-T3.7,2,2024-01-14T20:33:29.620635Z,56,44,yes
98,29fd4754-ac98-4f05-954c-b9629caff1dc,U3-24JAN-T3.7,3,2024-01-14T20:33:29.620635Z,55,45,yes
99,faf22595-b27d-488e-a9d4-9771ef758d47,U3-24JAN-T3.7,1,2024-01-12T18:19:34.610455Z,51,49,no
100,d46073e3-3ab3-438b-9476-c3714e88c007,U3-24JAN-T3.7,39,2024-01-12T13:34:40.618637Z,51,49,no
101,0eaf7404-a7ac-4e6e-929c-6878f2664254,U3-24JAN-T3.7,2,2024-01-11T18:07:51.594858Z,56,44,yes
102,5d1bbc12-7e1e-410f-90d5-ee256368271a,U3-24JAN-T3.7,86,2024-01-10T13:06:27.864583Z,56,44,yes
103,656fc8ce-9c8f-498f-aada-1ea0a78fd947,U3-24JAN-T3.7,2,2024-01-09T20:17:08.345736Z,56,44,yes
104,5d1f8068-77fa-45a0-8b36-b2420e7dc86c,U3-24JAN-T3.7,8,2024-01-09T02:21:20.780678Z,56,44,yes
105,7df43c43-a1ad-4d5a-a817-d94b98a37131,U3-24JAN-T3.7,3,2024-01-07T20:32:15.942291Z,48,52,no
106,dce81933-ee44-4c03-a586-61627f17b728,U3-24JAN-T3.7,5,2024-01-07T00:34:05.745942Z,48,52,no
107,90e3baec-02a5-4c81-8daf-fa5fb76e71f6,U3-24JAN-T3.8,500,2024-02-02T13:24:37.539918Z,31,69,no
108,a456614a-3646-47a7-8c59-ae3a29256d1e,U3-24JAN-T3.8,200,2024-02-01T18:43:38.274441Z,36,64,no
109,a104f899-a1fa-45f9-88ef-da817a613fe4,U3-24JAN-T3.8,200,2024-02-01T18:43:03.930483Z,37,63,no
110,587db1df-568a-43b5-bd20-558c43ead0ba,U3-24JAN-T3.8,100,2024-02-01T18:43:03.930483Z,35,65,no
111,3e815166-d1f4-4ce2-9b37-77dd90450673,U3-24JAN-T3.8,200,2024-02-01T14:17:16.990782Z,35,65,no
112,a52ee76e-9af5-4366-835b-0b1cf5767292,U3-24JAN-T3.8,10,2024-01-31T15:41:46.549945Z,37,63,yes
113,a2a08c47-6190-4d62-899a-1a344ab04498,U3-24JAN-T3.8,75,2024-01-31T00:21:51.35773Z,35,65,no
114,dae3e3e0-05b9-498b-a8a0-819e5ac8f4e8,U3-24JAN-T3.8,50,2024-01-19T02:20:04.435296Z,38,62,yes
115,b5ad060f-ea29-4583-983d-c06b441df9de,U3-24JAN-T3.8,1,2024-01-11T18:08:04.055199Z,38,62,yes
116,33044ce7-069e-4408-a198-79e93a575e98,U3-24JAN-T3.8,25,2024-01-08T21:29:04.02115Z,38,62,yes
117,fd5f66df-912c-4891-8538-e2cb97d7ea04,U3-24JAN-T3.8,6,2024-01-05T17:56:38.459169Z,30,70,no
118,0facb91a-b3ef-4471-abcb-864d1471caa3,U3-24JAN-T3.9,10,2024-02-01T23:03:39.817498Z,12,88,no
119,3d364a7f-0ce1-4fe5-8a73-6e51705cf07b,U3-24JAN-T3.9,100,2024-02-01T21:35:05.296727Z,12,88,yes
120,171e84d0-d1cc-4415-8448-c67c38c0bbf2,U3-24JAN-T3.9,100,2024-02-01T21:35:05.296727Z,13,87,yes
121,c3b4736a-827a-4671-84b5-2215ba6ffc4d,U3-24JAN-T3.9,50,2024-02-01T19:54:27.67035Z,11,89,no
122,cce454b3-4c46-4567-a1b3-555839e52b1e,U3-24JAN-T3.9,11,2024-02-01T19:44:54.511601Z,11,89,no
123,79728efb-0ec1-477d-8bf7-47dbb80152a7,U3-24JAN-T3.9,8,2024-01-31T14:45:46.271922Z,11,89,no
124,b174f878-208d-4b26-a6bd-24bc813d08a9,U3-24JAN-T3.9,10,2024-01-30T18:22:09.579121Z,10,90,no
125,c0dffa0a-cbcc-4d10-a8dc-d54619acc478,U3-24JAN-T3.9,10,2024-01-28T02:53:11.131606Z,9,91,no
126,5b677276-2381-46c6-961d-499765655b4b,U3-24JAN-T3.9,20,2024-01-26T20:11:34.807342Z,9,91,no
127,3bef19b0-b5a0-4eef-9980-ef22fa713dd9,U3-24JAN-T3.9,300,2024-01-26T14:02:23.563243Z,14,86,yes
128,c867f03d-bb96-4fb1-9be8-47ab815eed94,U3-24JAN-T3.9,200,2024-01-23T23:06:03.202806Z,9,91,no
129,c0f114cf-b739-4dee-87ec-b6e090be77b3,U3-24JAN-T3.9,50,2024-01-23T23:06:03.202806Z,11,89,no
130,747be1b6-204e-4505-a75d-cc2e454ae88a,U3-24JAN-T3.9,100,2024-01-04T20:03:50.289185Z,12,88,no
131,6a3db1a7-168b-41cf-96c8-1954602f2905,U3-24JAN-T3.9,60,2024-01-04T20:03:50.289185Z,11,89,no
132,337feeee-2d74-4e10-b764-3db9396c6e58,U3-24JAN-T3.9,90,2024-01-04T20:03:50.289185Z,13,87,no
133,36398d14-887b-4f03-920c-fb18ae12da6c,U3-24JAN-T3.9,90,2024-01-02T15:44:36.656943Z,16,84,yes
134,ddfcb94d-3f10-4a17-a00d-c3a95a36c6f9,U3-24FEB-T3.4,111,2024-03-08T13:24:58.894086Z,98,2,yes
135,9dccd864-8919-4acb-b556-1642579852d2,U3-24FEB-T3.4,200,2024-03-08T13:23:41.077176Z,98,2,yes
136,6218ac48-7a2f-4a7d-94a3-770d4ccc44f6,U3-24FEB-T3.4,300,2024-03-08T13:21:25.411638Z,98,2,yes
137,ad9145bc-83be-46a2-a0e9-2f6d81b08c65,U3-24FEB-T3.4,500,2024-03-08T13:20:50.335494Z,98,2,yes
138,b01e4e39-1d98-477c-af78-69d82e4368b4,U3-24FEB-T3.4,500,2024-03-08T13:20:12.69911Z,98,2,yes
139,85b95e60-7b9d-4c32-8034-d6f4c3f22e76,U3-24FEB-T3.4,4,2024-03-07T22:47:12.66982Z,99,1,yes
140,f0c3a0af-45b2-4e6d-9ffd-5eca54714468,U3-24FEB-T3.4,23,2024-03-05T22:35:14.962744Z,98,2,no
141,42370c8e-a545-4b9b-b672-73a7706f0b23,U3-24FEB-T3.4,46,2024-02-27T15:32:21.4381Z,97,3,yes
142,f3de86e7-b55c-4f87-b693-ca7834c89b57,U3-24FEB-T3.4,100,2024-02-05T00:59:57.639381Z,95,5,yes
143,84b7fb6a-b61b-4b3a-b7da-e2625e1db146,U3-24FEB-T3.4,50,2024-02-02T22:49:22.395859Z,95,5,yes
144,b815db1d-1fbc-4ca5-b361-1e6f61f2f0d6,U3-24FEB-T3.5,50,2024-03-08T13:20:39.450718Z,88,12,yes
145,6ddda7a5-f323-4ea2-ab66-6568545f3b8d,U3-24FEB-T3.5,150,2024-03-08T13:16:41.10287Z,88,12,no
146,525c3033-596a-40fd-a1c7-743b82b650b0,U3-24FEB-T3.5,200,2024-03-08T13:05:38.552485Z,89,11,yes
147,d85f1b60-ebbc-4f1a-8127-1d0ea8dedbe6,U3-24FEB-T3.5,112,2024-03-08T13:03:19.154911Z,89,11,yes
148,de689ee8-bda2-4090-a21b-b0f781dbe786,U3-24FEB-T3.5,100,2024-03-08T13:03:01.090712Z,89,11,yes
149,ee7fe71e-90be-4669-bf77-c337f0ac600d,U3-24FEB-T3.5,10,2024-03-07T21:01:46.049658Z,92,8,yes
150,d1206dde-9eb8-45ed-94c1-6654fccd785e,U3-24FEB-T3.5,6,2024-03-07T14:27:49.006734Z,91,9,yes
151,8b01f2f4-8f76-49ec-abc4-0a8a5f398025,U3-24FEB-T3.5,10,2024-03-07T14:27:49.006734Z,91,9,yes
152,2961558b-d6eb-467a-942b-91cede35f6e4,U3-24FEB-T3.5,40,2024-03-06T13:29:40.92567Z,88,12,yes
153,1f421506-04d1-4a47-936f-094bac6f1748,U3-24FEB-T3.5,68,2024-03-05T14:20:26.101528Z,88,12,yes
154,5fb12272-1dd3-4484-92ef-26b168efa859,U3-24FEB-T3.5,760,2024-03-05T04:10:36.735788Z,88,12,no
155,5396a70b-04af-49db-a016-6f284a0b7bce,U3-24FEB-T3.5,240,2024-03-05T04:10:36.735788Z,89,11,no
156,c7221568-898b-4c2e-8a85-392d6f1df95d,U3-24FEB-T3.5,18,2024-03-04T18:14:07.081574Z,90,10,no
157,373454f3-459c-492e-ae4c-1c7947bbe854,U3-24FEB-T3.5,20,2024-03-04T18:13:53.983657Z,90,10,no
158,bbaa4aa1-1d2e-4ae2-8bbf-595dbcf8ad98,U3-24FEB-T3.5,10,2024-03-03T23:50:37.111904Z,91,9,no
159,67eea81b-f513-4918-9697-7b5b7a78d4f0,U3-24FEB-T3.5,60,2024-02-28T14:01:29.026498Z,93,7,yes
160,14c84eb8-1a40-4e1a-8f27-aa7b24b76de9,U3-24FEB-T3.5,150,2024-02-28T03:58:43.420076Z,93,7,yes
161,bba8b741-2d5b-46c3-aa25-2dae04eecbc1,U3-24FEB-T3.5,40,2024-02-27T15:32:12.067221Z,91,9,yes
162,1719aa78-a177-470e-9bce-d5b861bf855f,U3-24FEB-T3.5,100,2024-02-27T13:17:13.869762Z,92,8,yes
163,afa3d034-d213-4fc8-be43-5849da061c75,U3-24FEB-T3.5,400,2024-02-25T03:22:02.773455Z,93,7,yes
164,b5de018b-eb26-483f-8311-92aa34a55d80,U3-24FEB-T3.5,400,2024-02-15T15:00:51.91398Z,88,12,no
165,89d20ae4-d759-4260-a981-d0d653909e55,U3-24FEB-T3.6,25,2024-03-08T13:11:20.396163Z,73,27,yes
166,83f42a5d-74bc-4143-a691-47632377db23,U3-24FEB-T3.6,60,2024-03-07T18:10:55.841058Z,74,26,yes
167,181bb5b8-5c4b-432e-b837-316d997507e7,U3-24FEB-T3.6,2,2024-03-07T18:10:55.841058Z,74,26,yes
168,0f774b14-1b20-46ce-99e8-78ee46679e2f,U3-24FEB-T3.6,30,2024-03-06T16:53:31.594077Z,72,28,yes
169,8b927093-0800-43f5-8000-7c599a800751,U3-24FEB-T3.6,10,2024-03-06T01:35:13.506803Z,72,28,no
170,7a27a980-de0d-4eea-8eb5-cdd28c293400,U3-24FEB-T3.6,400,2024-03-05T04:11:15.287541Z,72,28,no
171,9ed394ea-4cce-4a2d-8978-a44e11a9d964,U3-24FEB-T3.6,100,2024-03-05T04:11:02.347298Z,73,27,no
172,9775351f-c423-47c2-871a-24e938f508f2,U3-24FEB-T3.6,400,2024-03-05T04:11:02.347298Z,73,27,no
173,4ac1ade1-3b5d-49fc-9fc5-ae35d05218e9,U3-24FEB-T3.6,47,2024-03-04T18:10:16.063391Z,74,26,no
174,e8328746-dd4b-42e6-879a-c29924a9b1ce,U3-24FEB-T3.6,200,2024-03-02T02:41:51.241767Z,79,21,yes
175,a493d080-2b7b-49d6-93dd-efa50690eb52,U3-24FEB-T3.6,100,2024-02-29T14:37:10.26855Z,74,26,no
176,ed16cc9d-30f2-4857-8ca2-5d17320c9034,U3-24FEB-T3.6,40,2024-02-25T15:03:46.182477Z,78,22,yes
177,a256a9d3-ff85-4c49-93c6-d008e1680540,U3-24FEB-T3.6,10,2024-02-25T15:03:46.182477Z,80,20,yes
178,f4803855-d1a3-4441-bc05-ab402458df28,U3-24FEB-T3.6,250,2024-02-25T03:21:58.821511Z,78,22,yes
179,5bb824df-aac8-4771-9c97-a91e6805607c,U3-24FEB-T3.6,400,2024-02-25T03:21:58.821511Z,78,22,yes
180,dc394276-38da-4542-9327-3c0e3c8aac48,U3-24FEB-T3.6,2,2024-02-24T15:25:10.237554Z,73,27,no
181,d41674c2-3a40-4c79-a6ed-6bf7986baa3c,U3-24FEB-T3.6,1,2024-02-24T15:25:10.237554Z,73,27,no
182,a5df8504-bd03-44a8-a063-98f1a49593e8,U3-24FEB-T3.6,1,2024-02-24T15:25:10.237554Z,73,27,no
183,580942a7-6f69-4814-964e-803e65fb4d6a,U3-24FEB-T3.6,60,2024-02-24T15:25:10.237554Z,72,28,no
184,5da1b876-8974-466a-8143-c0fce30678aa,U3-24FEB-T3.6,40,2024-02-23T23:38:44.716926Z,76,24,yes
185,255ea212-2cd7-4491-b78e-3d25bd35c377,U3-24FEB-T3.6,160,2024-02-17T22:39:46.356022Z,76,24,yes
186,978c2ae1-a50c-4c40-a7a5-1c2c554a3d59,U3-24FEB-T3.6,36,2024-02-14T02:21:18.595972Z,76,24,yes
187,3e8c702b-baaa-427e-ac54-c5e3756e0263,U3-24FEB-T3.6,700,2024-02-14T02:21:18.595972Z,76,24,yes
188,7a5e6d6f-f6cd-4510-88c5-231b2feddb9d,U3-24FEB-T3.6,64,2024-02-12T15:03:10.447674Z,76,24,yes
189,96f7a53c-6c29-45df-969c-8f7c526d84b0,U3-24FEB-T3.6,100,2024-02-05T17:30:43.748969Z,77,23,yes
190,c8a0d8b2-0e0c-4491-b1e7-c3bbc69595ba,U3-24FEB-T3.7,80,2024-03-08T13:21:27.010861Z,42,58,no
191,c3afe6ac-03fa-481c-82db-c2d92ba1344a,U3-24FEB-T3.7,29,2024-03-08T01:42:55.482175Z,46,54,yes
192,c42bbe44-48f1-4c49-b9ca-c3b0fd8a9688,U3-24FEB-T3.7,1,2024-03-07T22:02:56.108516Z,46,54,yes
193,f6604fa7-8a3d-4e04-b2d2-61d9df2ae9e8,U3-24FEB-T3.7,23,2024-03-07T19:31:31.604105Z,46,54,yes
194,a08272bb-4a3c-4d68-bdce-d95d10a2c055,U3-24FEB-T3.7,2,2024-03-07T16:54:42.765449Z,46,54,yes
195,8565fe08-65bd-48b7-a964-73c97dc13d0c,U3-24FEB-T3.7,161,2024-03-07T16:54:42.765449Z,46,54,yes
196,c2dca86c-75f9-457c-90fa-e32cb70332f6,U3-24FEB-T3.7,10,2024-03-07T14:26:48.562129Z,42,58,no
197,000ea8ce-d430-4739-8a00-ad917c801ea4,U3-24FEB-T3.7,199,2024-03-07T14:26:48.562129Z,41,59,no
198,f2d4bf14-abf5-4ce3-bf7f-6e0a53063385,U3-24FEB-T3.7,209,2024-03-07T03:18:26.259239Z,46,54,yes
199,5f2a2802-b4b8-4d78-9030-5929136a2e26,U3-24FEB-T3.7,2,2024-03-06T23:53:50.69123Z,46,54,yes
200,2f02f85a-69db-45d2-acc3-65e32ec47eb6,U3-24FEB-T3.7,80,2024-03-06T22:39:58.73977Z,45,55,yes
201,8ceeb7d5-978e-4c2a-b524-d4472c35af82,U3-24FEB-T3.7,19,2024-03-06T21:06:48.993607Z,43,57,yes
202,f06e765d-d682-4cef-a8d8-1e1b23fe082e,U3-24FEB-T3.7,35,2024-03-06T16:53:28.211842Z,45,55,yes
203,ba25cbea-39a6-4e69-96f0-cc3d79a9bad9,U3-24FEB-T3.7,19,2024-03-06T16:53:28.211842Z,42,58,yes
204,56c4bada-5354-4f28-b994-078c5a87490a,U3-24FEB-T3.7,4,2024-03-05T22:48:59.787534Z,45,55,yes
205,46e5037e-5361-4510-9183-a5c7f459cdc1,U3-24FEB-T3.7,17,2024-03-05T20:47:50.23103Z,45,55,no
206,1f6c2c99-1591-41c7-8c01-f841d6800bd0,U3-24FEB-T3.7,17,2024-03-05T18:14:28.84454Z,45,55,no
207,f0cb42bb-9672-4729-8bfd-9227ccd9dfdf,U3-24FEB-T3.7,20,2024-03-04T18:13:09.306259Z,47,53,no
208,f9868b7b-82ef-4f07-b113-19782ba29fd3,U3-24FEB-T3.7,119,2024-03-04T18:10:39.331605Z,47,53,no
209,c28cedb5-8baa-4ecf-97cc-0b64b22759fd,U3-24FEB-T3.7,1,2024-03-03T22:01:48.808822Z,47,53,no
210,843b7bfc-5fc3-4783-9385-dfadcf258992,U3-24FEB-T3.7,10,2024-03-03T21:39:02.725035Z,48,52,yes
211,adf29d74-a5a8-47a3-b08a-980d5d1082ce,U3-24FEB-T3.7,12,2024-03-03T19:57:27.863815Z,48,52,yes
212,c6b2958d-77ba-49f0-be8e-f7175f8db0ef,U3-24FEB-T3.7,240,2024-03-03T19:03:28.965921Z,48,52,no
213,f4f6bcfa-4450-4be9-846a-8e6fde6d4410,U3-24FEB-T3.7,17,2024-02-28T23:21:09.272146Z,52,48,yes
214,caf6d254-fd50-41c3-9fd7-71bb0b137878,U3-24FEB-T3.7,1,2024-02-28T23:21:09.272146Z,52,48,yes
215,2b580c63-5f59-4d0c-ae78-0a99fa61de7d,U3-24FEB-T3.7,9,2024-02-28T21:49:52.317499Z,52,48,yes
216,ca88b53a-6713-4fe6-85b7-dd17de517dd4,U3-24FEB-T3.7,27,2024-02-26T18:31:43.783309Z,48,52,no
217,837b87c6-d180-4ab2-8a02-7c9614b90c88,U3-24FEB-T3.7,75,2024-02-25T03:21:54.928568Z,53,47,yes
218,d616d353-6b83-475b-b09c-115bed6ed54d,U3-24FEB-T3.7,17,2024-02-25T03:07:00.999649Z,46,54,no
219,f39df235-425d-43c6-9039-ed2fb37f3135,U3-24FEB-T3.7,10,2024-02-22T19:49:34.894999Z,48,52,no
220,498e9785-379d-4d5e-802c-0503ce1f8ad8,U3-24FEB-T3.7,90,2024-02-22T19:49:34.894999Z,47,53,no
221,a3542057-1c07-45e4-9ebd-59061990bbe1,U3-24FEB-T3.7,25,2024-02-19T23:50:43.150827Z,50,50,yes
222,c530726d-4c69-43c5-9c3c-2b1b2c3ec792,U3-24FEB-T3.7,50,2024-02-19T00:23:33.088408Z,50,50,yes
223,06f36877-44be-4590-90e6-c93509c267ce,U3-24FEB-T3.7,11,2024-02-16T14:54:17.480458Z,51,49,yes
224,92333b9f-f0a9-464b-b04b-eae62a35e551,U3-24FEB-T3.7,1,2024-02-15T21:09:41.897934Z,51,49,yes
225,78946976-167e-4c30-a273-5fc9ee53e28a,U3-24FEB-T3.7,10,2024-02-15T20:27:14.46576Z,50,50,yes
226,c7fc5796-7c7d-4132-9a68-f898b4e37443,U3-24FEB-T3.7,18,2024-02-15T18:13:57.265989Z,47,53,no
227,7795258a-5c11-45e9-b363-6b517a452ad5,U3-24FEB-T3.7,27,2024-02-15T00:59:17.551657Z,47,53,no
228,6761aa7d-c696-4d56-b53c-ffb5058fd47b,U3-24FEB-T3.7,10,2024-02-12T14:57:49.674204Z,50,50,yes
229,1d5f7df6-5187-4c92-91e0-062c484155ca,U3-24FEB-T3.7,9,2024-02-12T14:57:49.674204Z,51,49,yes
230,c9767453-8db1-4907-975b-dfa0c6de183c,U3-24FEB-T3.7,18,2024-02-11T16:36:40.82321Z,47,53,no
231,e1460aff-ae2f-420d-ad05-ddae7ff349de,U3-24FEB-T3.7,100,2024-02-09T21:05:30.197735Z,47,53,no
232,29319710-24fc-4921-b933-6ca17ec7139f,U3-24FEB-T3.7,5,2024-02-06T16:17:08.701842Z,47,53,no
233,baba9630-ec38-452f-bc75-45ae051b3446,U3-24FEB-T3.7,9,2024-02-05T14:11:42.624384Z,47,53,no
234,5752c96a-dfc4-4a58-aec9-ebf964773598,U3-24FEB-T3.7,3,2024-02-04T21:10:57.579896Z,48,52,no
235,c38cd0f8-0bd0-4dde-ada3-82d53bca8fdc,U3-24FEB-T3.8,18,2024-03-08T13:21:26.990046Z,23,77,no
236,240c794b-6993-44bb-946a-0dbbc2ea121d,U3-24FEB-T3.8,320,2024-03-08T13:21:26.990046Z,22,78,no
237,9bd76acd-a839-4908-9e85-afaf44d02ce2,U3-24FEB-T3.8,118,2024-03-08T13:16:07.466008Z,23,77,no
238,d08509ff-fab4-4944-ab8a-a8ec6c36736a,U3-24FEB-T3.8,10,2024-03-07T21:01:32.478034Z,23,77,no
239,020da78e-a288-4f12-96d1-1c35103f3cdf,U3-24FEB-T3.8,14,2024-03-07T16:30:32.846152Z,23,77,no
240,5604a7a8-a9ee-4dc1-9d9c-512b39008ad3,U3-24FEB-T3.8,64,2024-03-07T14:27:28.051746Z,24,76,no
241,df8cfd63-2a0d-44a7-9c10-7d01a6190d9c,U3-24FEB-T3.8,7,2024-03-06T22:51:04.45031Z,24,76,no
242,13135fdd-1869-4ab1-a9b6-8b35cae5c03b,U3-24FEB-T3.8,9,2024-03-06T19:26:05.568848Z,24,76,yes
243,bcb636dd-6ae8-476e-b0a2-f4f25f34fc8d,U3-24FEB-T3.8,14,2024-03-06T00:59:42.743678Z,23,77,no
244,019ea83a-919b-48f4-be66-0dc6576f02be,U3-24FEB-T3.8,6,2024-03-04T19:09:15.928975Z,23,77,no
245,9abe5e52-f5b0-4465-bb13-14a794f1067e,U3-24FEB-T3.8,20,2024-03-04T18:15:02.51448Z,23,77,no
246,f5a8b808-bceb-4557-aa7c-2527a5192ac2,U3-24FEB-T3.8,25,2024-03-04T18:08:49.178942Z,23,77,no
247,6942389a-ba6b-4277-acfd-a893b27611a7,U3-24FEB-T3.8,25,2024-02-27T14:43:06.539058Z,23,77,no
248,b4834e3f-d875-4a1f-968e-15f0c62ab78c,U3-24FEB-T3.8,114,2024-02-25T01:34:30.157047Z,22,78,no
249,519e9a6f-d9c3-4d26-959a-4a5e31413f46,U3-24FEB-T3.8,86,2024-02-25T01:34:30.157047Z,23,77,no
250,e58e5d47-91e8-4bae-a563-0fa96ceeb022,U3-24FEB-T3.8,1,2024-02-22T20:34:17.34018Z,23,77,no
251,29280725-5223-427d-8810-eb7256d8e879,U3-24FEB-T3.8,1,2024-02-20T20:45:17.266328Z,23,77,no
252,7c267f42-eb03-45ac-a625-1d65359dfb82,U3-24FEB-T3.8,12,2024-02-13T18:38:55.842927Z,23,77,no
253,7ecf3761-dd01-4035-b76f-65a6b8217986,U3-24FEB-T3.8,16,2024-02-13T17:13:44.974576Z,22,78,no
254,ca6a3b7e-f31c-41fa-a965-6b5b76a3d94e,U3-24FEB-T3.8,21,2024-02-13T15:21:40.058403Z,27,73,yes
255,b4e8914e-90ab-47ce-86ac-b7ecaa064be9,U3-24FEB-T3.8,7,2024-02-13T15:21:40.058403Z,27,73,yes
256,9e8d29d3-f499-42a3-b0e6-4fa78c85e8ff,U3-24FEB-T3.8,1,2024-02-13T15:21:40.058403Z,27,73,yes
257,28ea92bf-1e1b-4aa9-8770-1e49cb9f166d,U3-24FEB-T3.8,1,2024-02-13T15:21:40.058403Z,27,73,yes
258,5e36819b-90c3-4e71-a150-39a6051a3d35,U3-24FEB-T3.8,3,2024-02-10T17:40:12.363611Z,27,73,yes
259,4f0bddae-446a-44fc-93b8-28d86d37e418,U3-24FEB-T3.8,1,2024-02-06T18:25:46.006324Z,27,73,yes
260,463e9859-fe0d-400c-9101-fd47644d1918,U3-24FEB-T3.8,10,2024-02-06T18:25:46.006324Z,27,73,yes
261,cda55d68-9574-44b6-afd7-d64c85aa6d36,U3-24FEB-T3.8,2,2024-02-06T04:47:13.008257Z,24,76,no
262,c3661986-2f32-4f1b-9059-e5f2e95eccb0,U3-24FEB-T3.8,3,2024-02-04T21:08:11.912994Z,33,67,yes
263,cce4de3d-0691-4ea9-a492-810d586665e8,U3-24FEB-T3.8,19,2024-02-02T19:19:18.863791Z,30,70,no
264,4291fee9-76d7-46ab-bc43-4d8c39fa7368,U3-24FEB-T3.9,149,2024-03-08T13:24:14.583837Z,9,91,no
265,1f344f6f-7ce5-40a4-8416-0d6b636cbffa,U3-24FEB-T3.9,1,2024-03-08T13:24:14.583837Z,9,91,no
266,95bdc2e9-4441-4f4a-902d-fec78168cbb1,U3-24FEB-T3.9,100,2024-03-08T13:20:29.524509Z,9,91,no
267,10f780f0-9d77-43b7-a291-bd22bcc55100,U3-24FEB-T3.9,82,2024-03-08T13:17:26.4395Z,10,90,yes
268,24ff4032-30aa-4bc7-a201-88b68f7d76b4,U3-24FEB-T3.9,101,2024-03-08T02:00:02.723543Z,10,90,no
269,0a4fce38-69c1-44d4-b23f-d95915f49966,U3-24FEB-T3.9,10,2024-03-07T21:08:44.062905Z,10,90,no
270,e9d42965-b28b-40f3-bfab-4d323b8447dd,U3-24FEB-T3.9,10,2024-03-07T21:01:54.563156Z,10,90,no
271,7ab238d0-cd1d-4555-b260-dd48b7b654c9,U3-24FEB-T3.9,24,2024-03-06T01:34:26.780308Z,10,90,no
272,cc04afa1-6956-4a9c-931a-40f2eeb618bf,U3-24FEB-T3.9,5,2024-03-06T01:00:09.559458Z,10,90,no
273,0d263484-319d-40e0-b71e-5403774e1cd3,U3-24FEB-T3.9,5,2024-03-06T01:00:09.559458Z,10,90,no
274,384ac3f3-2203-4ae5-9dfd-4d11889f227d,U3-24FEB-T3.9,13,2024-03-05T04:11:18.619107Z,11,89,no
275,2e9cef1f-9e3c-4dcf-bb0c-3604c2cbd2ef,U3-24FEB-T3.9,80,2024-03-05T04:11:05.658456Z,11,89,no
276,324d5f0f-4939-4456-a9ce-1a122d73af75,U3-24FEB-T3.9,5,2024-03-04T19:09:10.511115Z,11,89,no
277,79d34b93-27a6-4f5d-b658-8847d3e21b0b,U3-24FEB-T3.9,1,2024-02-29T04:49:37.693174Z,11,89,no
278,34bfba28-cb98-4b0b-bad2-f4ce9eac1a5d,U3-24FEB-T3.9,1,2024-02-27T02:37:05.358311Z,11,89,no
279,90cce438-a4fe-4151-b5aa-87f1440ac179,U3-24FEB-T3.9,5,2024-02-16T19:18:48.761323Z,10,90,no
280,0f9c508c-6ad7-4ed4-9d5d-ccb441e756ce,U3-24FEB-T3.9,50,2024-02-13T15:22:09.081122Z,12,88,yes
281,71bd7366-139f-4dad-8220-6e0862dd436e,U3-24FEB-T3.9,1,2024-02-08T23:31:17.789717Z,9,91,no
282,96d6592c-1a24-4122-b2ba-e116f2f1ae4a,U3-24MAR-T3.4,10,2024-04-05T12:16:25.724208Z,99,1,no
283,92716842-2a79-41aa-ab35-b600898dbe66,U3-24MAR-T3.5,800,2024-04-05T12:24:46.808113Z,99,1,yes
284,15f85945-c517-4280-a191-1e04fcc17257,U3-24MAR-T3.5,200,2024-04-05T12:16:09.869959Z,97,3,yes
285,c21fa021-8ad5-44b0-814d-ee887849f1f8,U3-24MAR-T3.5,500,2024-04-05T12:12:29.28934Z,97,3,yes
286,35ea1c5c-08d2-464f-ae1f-caa1e345db20,U3-24MAR-T3.5,1000,2024-04-05T12:07:06.889444Z,97,3,yes
287,c4678c70-467f-431c-9d61-dc224a57c703,U3-24MAR-T3.5,500,2024-04-05T12:06:26.115001Z,97,3,yes
288,384b3f6a-324f-42e9-96ea-956d3ba78887,U3-24MAR-T3.5,500,2024-04-05T12:05:37.691838Z,97,3,yes
289,c3337769-6cce-4605-b248-443dc466850c,U3-24MAR-T3.5,500,2024-04-05T12:05:27.056556Z,97,3,yes
290,93ed1c62-2482-4522-9cb9-85933e2ef489,U3-24MAR-T3.5,1000,2024-04-05T12:05:07.593145Z,97,3,yes
291,8ac2b18f-83f2-43e4-91e8-fc2e1ff6fa5f,U3-24MAR-T3.5,300,2024-04-05T12:04:54.632485Z,97,3,no
292,797debe4-5f0e-48ad-ba6e-c02a04365b2f,U3-24MAR-T3.5,15,2024-04-05T00:49:34.302849Z,99,1,yes
293,8747b8fd-8222-445f-801c-65100ed1b199,U3-24MAR-T3.5,100,2024-04-04T19:26:39.952269Z,97,3,yes
294,669a58bc-76dc-4ffe-b455-0815c6e99640,U3-24MAR-T3.5,10,2024-04-03T20:26:53.109003Z,99,1,yes
295,f85a3b6b-7114-4695-8176-5ec1519f941c,U3-24MAR-T3.5,175,2024-03-22T18:59:45.917511Z,94,6,yes
296,cd22f9b9-085e-40bb-9d07-f7cfc68d6609,U3-24MAR-T3.5,110,2024-03-11T12:09:54.649054Z,95,5,yes
297,8839c8e8-4264-49d8-be33-0a0fa3ea59d4,U3-24MAR-T3.5,72,2024-03-11T12:09:34.855014Z,95,5,yes
298,f2ad9ed5-6aaf-43aa-9913-e1be1746eae0,U3-24MAR-T3.5,72,2024-03-11T12:09:25.833143Z,95,5,yes
299,630f46b1-2e94-4550-b52a-4cd867266264,U3-24MAR-T3.5,101,2024-03-09T04:47:26.306319Z,98,2,yes
300,e3d07864-c40c-4764-b5ec-e81434409343,U3-24MAR-T3.5,20,2024-03-08T15:37:29.62686Z,97,3,yes
301,001da5dd-98b5-4932-a83c-682ebee47f71,U3-24MAR-T3.5,100,2024-03-08T15:11:38.606541Z,97,3,yes
302,97e68fd6-63df-4004-aa12-cd0e7f08b7c9,U3-24MAR-T3.5,100,2024-03-08T15:11:18.304883Z,97,3,yes
303,7e128006-1c87-42e3-8d0f-69a4b1db60a8,U3-24MAR-T3.5,200,2024-03-08T13:21:31.733656Z,88,12,no
304,55612e6e-48e2-4fbe-b368-ebd19177ad9d,U3-24MAR-T3.5,200,2024-03-08T13:21:31.733656Z,87,13,no
305,d885ff3d-ff3c-43c1-a7b1-2066473619b1,U3-24MAR-T3.6,500,2024-04-05T12:16:18.636535Z,88,12,no
306,ba2e7788-111f-44f7-8813-cef4704d438b,U3-24MAR-T3.6,10,2024-04-05T12:16:18.636535Z,86,14,no
307,7d06ecad-b652-49c4-ab95-ced9f1216c87,U3-24MAR-T3.6,200,2024-04-05T12:16:18.636535Z,86,14,no
308,359e02a1-85bd-4b9e-983b-da89d8821efd,U3-24MAR-T3.6,750,2024-04-05T12:16:18.636535Z,85,15,no
309,90592c5b-d386-4424-bcf4-777930f384a7,U3-24MAR-T3.6,100,2024-04-05T12:07:15.990633Z,89,11,yes
310,478096f3-a694-496d-a517-1c1fae0a130b,U3-24MAR-T3.6,361,2024-04-05T12:02:19.576288Z,91,9,yes
311,b6a81815-cd25-45f3-b673-7b5098e80e25,U3-24MAR-T3.6,1389,2024-04-05T12:00:24.64685Z,90,10,yes
312,7ebd1bc7-7c4f-4f3a-a63a-75050867a901,U3-24MAR-T3.6,5,2024-04-05T01:32:33.371319Z,90,10,yes
313,58b65071-831f-4daa-8313-fb01f1017558,U3-24MAR-T3.6,46,2024-04-04T22:56:06.962253Z,90,10,yes
314,37a1da02-6d2e-495d-8661-afaec6189643,U3-24MAR-T3.6,55,2024-04-04T22:47:19.097689Z,90,10,yes
315,544a451e-acd8-4f93-ae66-e7498c0276d2,U3-24MAR-T3.6,200,2024-04-04T19:26:33.430304Z,89,11,yes
316,405286e3-5252-4e08-be6f-ebb2168e553b,U3-24MAR-T3.6,200,2024-04-04T15:39:21.640509Z,89,11,yes
317,26c73eb2-740f-4354-a18d-dcdaf4d22cdb,U3-24MAR-T3.6,5,2024-04-03T03:26:15.060885Z,90,10,yes
318,941c6f1a-d6c4-4b59-9deb-6252d9a80abc,U3-24MAR-T3.6,40,2024-04-02T21:02:11.394479Z,88,12,yes
319,5eb0bd01-c3bf-4db2-b6aa-a13b382836a9,U3-24MAR-T3.6,40,2024-04-02T13:18:03.228138Z,89,11,yes
320,d340dabe-3d44-4a1a-a50b-85ff9bf4d331,U3-24MAR-T3.6,30,2024-04-01T17:54:46.252182Z,89,11,yes
321,c4ebf055-a151-4319-bc37-0fb4f75c3afe,U3-24MAR-T3.6,10,2024-03-31T23:16:46.754404Z,89,11,yes
322,fd4e4bec-1d32-4d40-beb9-f07bd274f5d8,U3-24MAR-T3.6,50,2024-03-30T18:53:12.066162Z,87,13,yes
323,6eb78f29-4035-4fa8-a67f-d2936ac54bfd,U3-24MAR-T3.6,251,2024-03-25T15:42:47.569442Z,81,19,yes
324,ade9dff7-fbc5-4a1c-a108-51d1cde5700c,U3-24MAR-T3.6,2000,2024-03-22T18:44:31.192723Z,81,19,yes
325,b239c1a3-5811-4ceb-bac4-2f4f252c0173,U3-24MAR-T3.6,150,2024-03-21T13:35:58.498359Z,81,19,yes
326,822c31bc-7d41-4377-81f5-8adffe7f5f54,U3-24MAR-T3.6,1,2024-03-20T19:09:32.089877Z,81,19,no
327,a0f2d9ed-c773-4289-b0b8-84b4fac38349,U3-24MAR-T3.6,375,2024-03-11T13:26:23.318285Z,87,13,no
328,6e069ef9-411e-43a3-8c2e-c36517e8f623,U3-24MAR-T3.6,68,2024-03-11T12:09:37.468133Z,90,10,no
329,67634c10-f8db-4882-ace0-51ab6ecb8f29,U3-24MAR-T3.6,200,2024-03-11T12:09:34.87762Z,89,11,yes
330,6f8c17b2-12e0-4305-a35a-e2f3717b9660,U3-24MAR-T3.6,108,2024-03-11T12:09:25.823299Z,89,11,yes
331,2b706071-9f36-472a-b3e2-eb2876b5369c,U3-24MAR-T3.6,160,2024-03-11T12:09:25.823299Z,88,12,yes
332,032c337b-4535-464a-8839-671ef7102c4f,U3-24MAR-T3.6,360,2024-03-11T12:03:01.948631Z,85,15,yes
333,30b69e7b-aee2-4898-a4e7-003ba69d3d8d,U3-24MAR-T3.6,400,2024-03-11T12:02:57.17061Z,86,14,no
334,bcfa593a-7c6e-4aa0-93b4-71a94db15a9c,U3-24MAR-T3.6,1,2024-03-11T00:08:50.174135Z,93,7,yes
335,af4f9d44-52a1-4662-bbe9-811dbe707340,U3-24MAR-T3.6,50,2024-03-08T17:27:43.774909Z,92,8,yes
336,b9f0c4e5-90c2-4d0a-b47e-459cd3146cae,U3-24MAR-T3.6,100,2024-03-08T15:12:06.87894Z,92,8,yes
337,a6fff6bb-149e-4a73-837a-02a188fb21c1,U3-24MAR-T3.6,100,2024-03-08T14:06:15.850063Z,91,9,yes
338,cef61463-a981-4851-a0f8-c9f4c2ab26e2,U3-24MAR-T3.6,200,2024-03-08T13:21:31.810924Z,72,28,no
339,255439cd-2dde-4efc-9722-aadb03b2d516,U3-24MAR-T3.6,200,2024-03-08T13:21:31.810924Z,70,30,no
340,9ef60b36-5980-4735-b17f-e5a15965e257,U3-24MAR-T3.7,200,2024-04-05T12:24:30.830106Z,66,34,yes
341,d9ba8f35-0295-4dc2-b693-9f1fff888c0f,U3-24MAR-T3.7,750,2024-04-05T12:16:18.588175Z,69,31,no
342,ae15a9d1-7142-4b70-875d-aaa151bf3d48,U3-24MAR-T3.7,10,2024-04-05T12:16:18.588175Z,67,33,no
343,a62fec6f-7e0e-4bb1-a34b-f085c3de07e9,U3-24MAR-T3.7,1500,2024-04-05T12:16:18.588175Z,67,33,no
344,82b43c3d-19a5-4255-a1a6-7f8a7f28004a,U3-24MAR-T3.7,100,2024-04-05T12:16:18.588175Z,66,34,no
345,5853ca9b-aa86-4b80-85cc-3f0bb39948b3,U3-24MAR-T3.7,50,2024-04-05T12:03:03.633339Z,75,25,yes
346,6cc60c41-49a7-4a20-b44d-9f7c2ce9fe56,U3-24MAR-T3.7,100,2024-04-05T12:00:46.467329Z,75,25,yes
347,0ac6bc49-5914-48dc-a48c-f3fcba944f5e,U3-24MAR-T3.7,11,2024-04-05T01:32:00.668672Z,75,25,yes
348,d676e1da-0879-42bf-9451-152e8d3ff06f,U3-24MAR-T3.7,40,2024-04-05T00:56:22.556554Z,75,25,yes
349,29cc2315-9ffe-49bd-a8bf-9b1c056a8ac9,U3-24MAR-T3.7,42,2024-04-04T19:26:25.467293Z,70,30,yes
350,2663d423-18ef-42a5-b61b-1a0abef7b517,U3-24MAR-T3.7,158,2024-04-04T19:26:25.467293Z,72,28,yes
351,1a515455-354f-4691-b47e-21e0356a7755,U3-24MAR-T3.7,3,2024-04-04T15:16:47.230032Z,70,30,yes
352,78161736-cef9-4151-8a88-90a1f3872ac2,U3-24MAR-T3.7,55,2024-04-03T20:33:19.377532Z,70,30,yes
353,aa61cdd8-7bc0-4fb1-a50e-f3e1ded1394a,U3-24MAR-T3.7,21,2024-04-01T19:18:59.999889Z,71,29,yes
354,901e55dc-45f3-4015-b207-bd532dbe4419,U3-24MAR-T3.7,2,2024-04-01T17:46:11.431433Z,71,29,yes
355,0441eac1-5cbf-41ff-a352-b85cc168a365,U3-24MAR-T3.7,100,2024-03-25T19:01:30.906857Z,68,32,no
356,f74f3030-6780-4087-b8f0-b394dc9e6eb2,U3-24MAR-T3.7,2,2024-03-25T15:45:24.666235Z,66,34,yes
357,eb956072-f312-4f62-8acb-5f2ed35d2e61,U3-24MAR-T3.7,4,2024-03-25T15:45:24.666235Z,67,33,yes
358,3c8972ac-0395-4ac9-bb53-8cf184b8f6cb,U3-24MAR-T3.7,63,2024-03-25T15:45:24.666235Z,66,34,yes
359,2cdd1b09-9f2c-48c7-970e-e23327aa048b,U3-24MAR-T3.7,6,2024-03-25T15:45:24.666235Z,68,32,yes
360,b212c9ba-6592-4c1c-86b8-bb0a7e2fd89c,U3-24MAR-T3.7,10,2024-03-25T12:03:44.63027Z,62,38,no
361,8cf72930-bae2-406e-aeea-25680839a0e3,U3-24MAR-T3.7,200,2024-03-23T16:52:45.567864Z,67,33,yes
362,8b09920b-a95c-4a8b-b1ce-7697955cba17,U3-24MAR-T3.7,1000,2024-03-23T16:52:45.567864Z,69,31,yes
363,9c7c6142-5093-4ebd-a57c-bf26ceb2313c,U3-24MAR-T3.7,150,2024-03-21T13:35:46.849643Z,62,38,yes
364,dd40db1b-ae89-4e21-bda2-4d3bd82e4926,U3-24MAR-T3.7,230,2024-03-11T13:26:16.749979Z,71,29,no
365,35ae3319-fad0-4d5f-aa0f-5843c17c17c2,U3-24MAR-T3.7,875,2024-03-11T13:23:15.625213Z,77,23,no
366,e8507983-5174-4878-a5d4-f97c7cf91d7e,U3-24MAR-T3.7,3,2024-03-11T12:09:25.811664Z,76,24,yes
367,beb6a044-6d84-45ce-8e36-1b3396cee7ba,U3-24MAR-T3.7,1,2024-03-11T12:09:25.811664Z,74,26,yes
368,b67ef820-3d46-42e4-8143-70ddbe367261,U3-24MAR-T3.7,3,2024-03-11T12:09:25.811664Z,77,23,yes
369,9e7eb65d-b341-44e7-a962-6f000d1de0b5,U3-24MAR-T3.7,2,2024-03-11T12:09:25.811664Z,75,25,yes
370,90924f6a-ff9a-47bf-bd89-abdb132a9585,U3-24MAR-T3.7,60,2024-03-11T12:09:25.811664Z,74,26,yes
371,6b2e8839-1f4e-4ea1-998e-77e1ae9275b6,U3-24MAR-T3.7,40,2024-03-11T12:09:12.552226Z,70,30,yes
372,ec5a969c-4881-402b-a269-1b6983d5381f,U3-24MAR-T3.7,400,2024-03-11T12:09:05.691219Z,70,30,no
373,78b2fff6-241b-4560-a3d5-f4b699d7b568,U3-24MAR-T3.7,80,2024-03-11T12:09:05.691219Z,72,28,no
374,5f939cc3-aa77-463e-ac79-8d9ea509c706,U3-24MAR-T3.7,263,2024-03-11T12:03:08.139112Z,68,32,yes
375,a710956b-308b-4e99-b27a-1bf0f71c6a4e,U3-24MAR-T3.7,400,2024-03-11T12:03:08.118892Z,68,32,yes
376,aaeb8222-a80d-4f5b-b55f-b1bf0e7b9b0e,U3-24MAR-T3.7,231,2024-03-11T12:03:04.319302Z,78,22,no
377,620a06f5-2939-4979-8ef3-1e7b488fe5d7,U3-24MAR-T3.7,400,2024-03-11T12:03:04.319302Z,76,24,no
378,fa6f1aab-7f67-4377-b2d9-a4a79ce107f1,U3-24MAR-T3.7,1,2024-03-11T12:03:01.756208Z,72,28,yes
379,ea163118-0d1d-464e-a1cf-45d63a7e8031,U3-24MAR-T3.7,3,2024-03-11T12:03:01.756208Z,76,24,yes
380,e6f90c70-faf8-45e8-9c09-be468069477c,U3-24MAR-T3.7,54,2024-03-11T12:03:01.756208Z,72,28,yes
381,bf13f238-3385-4336-84b1-0f0834995c54,U3-24MAR-T3.7,3,2024-03-11T12:03:01.756208Z,75,25,yes
382,91d68b0f-07ae-4ce7-beab-98d2c4b95c35,U3-24MAR-T3.7,4,2024-03-11T12:03:01.756208Z,78,22,yes
383,8fd3531d-39b2-4d45-b56e-6500bec00a1c,U3-24MAR-T3.7,95,2024-03-11T12:03:01.756208Z,68,32,yes
384,824c339d-c5bd-4f00-bb42-45b22e7081ff,U3-24MAR-T3.7,3,2024-03-11T12:03:01.756208Z,74,26,yes
385,136a846b-624f-4f92-8428-93c33bea67cc,U3-24MAR-T3.7,2,2024-03-11T12:03:01.756208Z,73,27,yes
386,0972fb10-0162-4abb-ab2e-a9056d91990e,U3-24MAR-T3.7,4,2024-03-11T12:03:01.756208Z,77,23,yes
387,d9fca40e-932d-4082-ae74-aee0204df877,U3-24MAR-T3.7,320,2024-03-11T12:03:01.730819Z,68,32,yes
388,fe196525-6382-4d64-8ff5-f42523b6f0a3,U3-24MAR-T3.7,1,2024-03-11T12:02:57.05125Z,74,26,no
389,f71c3f6a-846b-40a4-83ec-2c288cbb688d,U3-24MAR-T3.7,12,2024-03-11T12:02:57.05125Z,77,23,no
390,f60bffad-a717-46af-83ef-50013c09f002,U3-24MAR-T3.7,400,2024-03-11T12:02:57.05125Z,81,19,no
391,ea9e227c-d40f-44bb-a553-7e4136c42f41,U3-24MAR-T3.7,3,2024-03-11T12:02:57.05125Z,73,27,no
392,e6d5a778-5912-4a60-8696-7779acfa872a,U3-24MAR-T3.7,1,2024-03-11T12:02:57.05125Z,78,22,no
393,e46d81e1-89cf-4ced-acc8-b09279a55116,U3-24MAR-T3.7,3,2024-03-11T12:02:57.05125Z,76,24,no
394,df528076-0d58-4156-a218-0f7bedea4552,U3-24MAR-T3.7,1,2024-03-11T12:02:57.05125Z,73,27,no
395,d82d648e-50c9-4198-ae14-b188e6b8f0d4,U3-24MAR-T3.7,1,2024-03-11T12:02:57.05125Z,68,32,no
396,cf6dc392-04bb-43e5-a541-64273267c86e,U3-24MAR-T3.7,10,2024-03-11T12:02:57.05125Z,80,20,no
397,ceba7e33-fdd8-47f9-bda7-ccd66a080da4,U3-24MAR-T3.7,2,2024-03-11T12:02:57.05125Z,73,27,no
398,be15cdb2-1ae0-41e3-a2f7-17dc588e47cf,U3-24MAR-T3.7,1,2024-03-11T12:02:57.05125Z,79,21,no
399,bdc5715d-c56c-43ea-808f-499b6f9d82f5,U3-24MAR-T3.7,1,2024-03-11T12:02:57.05125Z,73,27,no
400,aea44fe6-37ce-483d-8093-3e93fe3cbef6,U3-24MAR-T3.7,1,2024-03-11T12:02:57.05125Z,68,32,no
401,a3f148b5-e8f2-4739-8366-3c4ef66e62c2,U3-24MAR-T3.7,1,2024-03-11T12:02:57.05125Z,79,21,no
402,98fa4e87-b4ff-4e98-922a-169825026fef,U3-24MAR-T3.7,4,2024-03-11T12:02:57.05125Z,68,32,no
403,929d3519-94c7-4f66-ad54-a2923e50276b,U3-24MAR-T3.7,400,2024-03-11T12:02:57.05125Z,82,18,no
404,8fd98a5b-4c89-468e-b9ff-f76726543ad9,U3-24MAR-T3.7,1,2024-03-11T12:02:57.05125Z,80,20,no
405,7d5a621d-2d7b-475f-aef1-d4c9e5c161aa,U3-24MAR-T3.7,1,2024-03-11T12:02:57.05125Z,72,28,no
406,737e0265-b8ca-4614-a042-361373745231,U3-24MAR-T3.7,13,2024-03-11T12:02:57.05125Z,78,22,no
407,7373ee3a-b342-4e7f-b250-4aec2e7637c6,U3-24MAR-T3.7,6,2024-03-11T12:02:57.05125Z,72,28,no
408,5af75c7c-13e3-4125-9de4-965ecc2141c8,U3-24MAR-T3.7,3,2024-03-11T12:02:57.05125Z,74,26,no
409,596bdbf5-3233-4650-affd-63c76ea90d29,U3-24MAR-T3.7,1,2024-03-11T12:02:57.05125Z,78,22,no
410,53098686-3653-486c-9fb9-52e371e14b3a,U3-24MAR-T3.7,2,2024-03-11T12:02:57.05125Z,78,22,no
411,3fca2e87-857d-4aa6-a299-8b2c3701047b,U3-24MAR-T3.7,240,2024-03-11T12:02:57.05125Z,84,16,no
412,25e0e7fc-2a22-44ac-9538-6d906ff56cd8,U3-24MAR-T3.7,1,2024-03-11T12:02:57.05125Z,80,20,no
413,24de0b64-b2f4-45f9-a35d-5b76cb5e7cbb,U3-24MAR-T3.7,3,2024-03-11T12:02:57.05125Z,77,23,no
414,23c72b21-92a4-4d46-ab3e-6bb26244c569,U3-24MAR-T3.7,1,2024-03-11T12:02:57.05125Z,75,25,no
415,0e103fcf-0aa9-49bd-bf23-0eced022c0b1,U3-24MAR-T3.7,3,2024-03-11T12:02:57.05125Z,75,25,no
416,06e0b7ce-734f-4ed2-99e3-bc4366ed78f1,U3-24MAR-T3.7,2,2024-03-11T12:02:57.05125Z,77,23,no
417,dba4d941-be57-4efa-9d51-676362063ec9,U3-24MAR-T3.7,100,2024-03-08T13:21:26.850413Z,48,52,no
418,6777c028-40e9-4303-99a2-cc05b29f8f56,U3-24MAR-T3.7,200,2024-03-08T13:21:26.850413Z,45,55,no
419,504f4e1c-abbe-49e4-ab11-f3f054c43548,U3-24MAR-T3.7,200,2024-03-08T13:21:26.850413Z,43,57,no
420,3fca43e0-a7ee-4cfa-b1af-4766f53378bf,U3-24MAR-T3.8,1500,2024-04-05T12:16:18.609678Z,44,56,no
421,1d036e5d-5f3f-486b-90f6-32b42ebabdeb,U3-24MAR-T3.8,150,2024-04-05T12:16:18.609678Z,47,53,no
422,9e31b952-929e-413d-b8f8-9eb3b20901ed,U3-24MAR-T3.8,10,2024-04-05T01:40:31.172465Z,51,49,yes
423,cbeae0ae-db49-41e2-8694-0da6d064d3d6,U3-24MAR-T3.8,1356,2024-04-04T22:44:16.834321Z,49,51,yes
424,0efa8c45-e3d5-4983-8cb8-343e0223d35d,U3-24MAR-T3.8,10,2024-04-04T21:49:28.367486Z,49,51,yes
425,6b7cea21-eb14-4c9b-83e7-13aebbe3f1ab,U3-24MAR-T3.8,1,2024-04-04T20:52:01.365266Z,49,51,yes
426,f05736a5-cb30-421d-a2b6-399f28012eb0,U3-24MAR-T3.8,66,2024-04-04T20:51:45.150222Z,49,51,yes
427,625c0237-f396-4f95-a5d8-b5c331755466,U3-24MAR-T3.8,9,2024-04-04T19:37:44.06564Z,49,51,yes
428,c5b82499-d290-45f7-aec8-05955135b204,U3-24MAR-T3.8,9,2024-04-04T19:30:07.27738Z,49,51,yes
429,4eba9253-1230-4637-b863-9e87e2b0d750,U3-24MAR-T3.8,1000,2024-04-04T19:10:43.375711Z,48,52,yes
430,0bf44cad-e3b1-45ed-9910-eb9ad46f0335,U3-24MAR-T3.8,60,2024-04-04T19:10:43.375711Z,47,53,yes
431,b18ccdf0-9d6a-42f4-af23-e6fe724a38b1,U3-24MAR-T3.8,49,2024-04-03T20:33:31.910925Z,49,51,yes
432,9130ddf7-eed0-4708-85be-020e23398ed7,U3-24MAR-T3.8,600,2024-04-02T21:46:41.586676Z,46,54,yes
433,12d15c00-4cb8-4205-a24a-279f885efb0f,U3-24MAR-T3.8,10,2024-04-02T13:34:36.278891Z,38,62,no
434,9faacbea-fdf2-40b9-b9c0-42d1161f5846,U3-24MAR-T3.8,40,2024-04-01T17:45:34.731821Z,45,55,yes
435,9d703a0a-196e-49f8-b4a2-292442fcc966,U3-24MAR-T3.8,800,2024-03-28T19:35:09.727458Z,45,55,yes
436,fc6bd929-823c-4c7b-bcd9-8eafd8aaa2cb,U3-24MAR-T3.8,77,2024-03-28T00:47:24.402331Z,45,55,yes
437,4aff71f1-7ed3-4bdd-bae6-a1e88c8279f3,U3-24MAR-T3.8,21,2024-03-28T00:37:23.611348Z,45,55,yes
438,db5f3086-fb98-404f-96b2-e12e142cb504,U3-24MAR-T3.8,200,2024-03-26T18:14:10.608263Z,44,56,yes
439,eedc64a5-d5b9-4907-8140-4e83dfadef7d,U3-24MAR-T3.8,3,2024-03-25T15:45:24.67747Z,43,57,yes
440,410417f6-6375-4573-b3dc-418274b9667c,U3-24MAR-T3.8,6,2024-03-25T15:45:24.67747Z,45,55,yes
441,396b2d5f-2edb-4547-a3ba-52972a74a4f1,U3-24MAR-T3.8,38,2024-03-25T15:45:24.67747Z,43,57,yes
442,2b3ee54f-5379-4f4b-9649-c1e7ca4e1655,U3-24MAR-T3.8,50,2024-03-25T15:45:24.67747Z,45,55,yes
443,014e9de2-5af2-4bd1-9b94-11088bdc656b,U3-24MAR-T3.8,3,2024-03-25T15:45:24.67747Z,44,56,yes
444,24b0fe67-8699-470e-b6ff-9ed9bd536c88,U3-24MAR-T3.8,10,2024-03-25T12:00:01.870624Z,39,61,no
445,13802134-7667-4ede-ba90-a2711bf13f73,U3-24MAR-T3.8,200,2024-03-23T22:54:52.836643Z,46,54,yes
446,29da23c3-5876-4a7d-a897-e053af276a44,U3-24MAR-T3.8,500,2024-03-22T18:42:13.289763Z,39,61,yes
447,8f570be5-5a5e-43e7-b95f-ace2b43678a6,U3-24MAR-T3.8,250,2024-03-21T13:36:48.960024Z,39,61,yes
448,fb37498b-c236-447a-89b2-e8ebfc1f9cad,U3-24MAR-T3.8,15,2024-03-20T23:30:32.002117Z,37,63,no
449,be13f580-74ba-45da-a740-f543472005a6,U3-24MAR-T3.8,2,2024-03-20T19:10:04.518345Z,39,61,no
450,35c1c81b-b484-4f6c-b803-90347fcfcd9a,U3-24MAR-T3.8,200,2024-03-20T19:10:04.518345Z,39,61,no
451,32b4033e-4f2d-46e7-b5ec-c8fe5ed78168,U3-24MAR-T3.8,4,2024-03-20T19:10:04.518345Z,40,60,no
452,0e354d66-c926-4dd0-b6bb-778d8fdc082f,U3-24MAR-T3.8,51,2024-03-20T19:10:04.518345Z,44,56,no
453,a6682610-8816-4da7-b2ed-6a2dd9b82a7a,U3-24MAR-T3.8,349,2024-03-20T19:09:32.080241Z,44,56,no
454,1e1b69c0-333c-404e-85fe-3546b9742a2a,U3-24MAR-T3.8,10,2024-03-20T19:09:32.080241Z,45,55,no
455,63b2b7d8-58f7-4b28-8a59-160c67bcece8,U3-24MAR-T3.8,68,2024-03-19T12:01:07.124263Z,49,51,yes
456,d475878d-8864-498f-a288-522b6d71b675,U3-24MAR-T3.8,400,2024-03-16T03:38:51.252778Z,54,46,yes
457,f7d672a6-c2b9-44cd-bc5f-09bd635293c2,U3-24MAR-T3.8,3,2024-03-14T12:39:20.69467Z,50,50,yes
458,e8502427-5f00-468f-8a77-350e88a70498,U3-24MAR-T3.8,1,2024-03-14T12:39:20.69467Z,48,52,yes
459,9307bec8-d51a-469a-9e31-2f447e020bed,U3-24MAR-T3.8,1,2024-03-14T12:39:20.69467Z,47,53,yes
460,60b61438-f9b2-41a9-be93-42fb28a28833,U3-24MAR-T3.8,4,2024-03-14T12:39:20.69467Z,51,49,yes
461,55e4c7a5-5f21-473a-97a3-1aa16e08b855,U3-24MAR-T3.8,5,2024-03-14T12:39:20.69467Z,52,48,yes
462,54849a14-cccd-43eb-aabe-ace0875a0900,U3-24MAR-T3.8,13,2024-03-14T12:39:20.69467Z,53,47,yes
463,3f2e4266-e39a-43ec-b589-65260e250d9c,U3-24MAR-T3.8,40,2024-03-14T12:39:20.69467Z,43,57,yes
464,2dca073b-3914-4117-bab3-0e905149ce50,U3-24MAR-T3.8,1,2024-03-14T12:39:20.69467Z,47,53,yes
465,0788cb5e-2192-41b1-8ae4-6680b63fcda8,U3-24MAR-T3.8,3,2024-03-14T12:39:20.69467Z,49,51,yes
466,2d53da3a-ac18-4d72-9a37-936ce0d27bd1,U3-24MAR-T3.8,160,2024-03-13T22:26:16.462162Z,43,57,no
467,49621753-a827-417e-8b63-a682c175cf16,U3-24MAR-T3.8,160,2024-03-11T20:43:43.378603Z,53,47,yes
468,dcd029dd-4126-44c2-a7f9-c296dd3b3e4f,U3-24MAR-T3.8,400,2024-03-11T20:43:19.242743Z,53,47,yes
469,bd95d7ff-771c-4c9f-a7ed-2148463e6d1f,U3-24MAR-T3.8,1,2024-03-11T20:43:19.242743Z,54,46,yes
470,716ad085-8bb5-4445-8a8c-9c4db2770128,U3-24MAR-T3.8,80,2024-03-11T20:43:19.242743Z,50,50,yes
471,07e3589d-9de7-4bfc-a6ef-cc2b0e5a5465,U3-24MAR-T3.8,3,2024-03-11T20:43:19.242743Z,54,46,yes
472,acfe2ff8-01f1-4091-b33f-cf47676dde3b,U3-24MAR-T3.8,1728,2024-03-11T13:26:33.474634Z,51,49,no
473,aa69ac59-1c32-4086-8913-ffdbb7b1c135,U3-24MAR-T3.8,30,2024-03-11T12:09:25.774013Z,53,47,yes
474,a36a98d8-3b96-4011-8610-86fea0496295,U3-24MAR-T3.8,4,2024-03-11T12:09:25.774013Z,57,43,yes
475,916d4e94-89e9-4cac-83a8-4dfad4ee5986,U3-24MAR-T3.8,3,2024-03-11T12:09:25.774013Z,56,44,yes
476,835662a0-a94d-499c-a5d1-140cb1839f24,U3-24MAR-T3.8,1,2024-03-11T12:09:25.774013Z,54,46,yes
477,4e4bcabd-b16e-4612-83e5-eed2ff25fc59,U3-24MAR-T3.8,40,2024-03-11T12:09:25.774013Z,57,43,yes
478,35c86ca7-7d3a-46a1-b84b-720e6e4885df,U3-24MAR-T3.8,3,2024-03-11T12:09:25.774013Z,55,45,yes
479,9e8859e9-5be6-4426-a2cd-52a32f8d7073,U3-24MAR-T3.8,200,2024-03-11T12:09:16.79335Z,49,51,yes
480,e2d0db54-7eef-4e47-9bd4-f1cfaf396fb1,U3-24MAR-T3.8,160,2024-03-11T12:09:12.510118Z,49,51,yes
481,83a994bf-8a7b-4664-8ea2-200b59f08ddf,U3-24MAR-T3.8,10,2024-03-11T12:09:05.721991Z,52,48,no
482,2cd4c4b4-ba30-463c-8cb9-32926a7b186c,U3-24MAR-T3.8,40,2024-03-11T12:09:05.721991Z,51,49,no
483,28e4951d-a66c-4d9a-a6c0-98ec03215ad9,U3-24MAR-T3.8,100,2024-03-11T12:08:07.292907Z,57,43,yes
484,8f2b06da-cadb-46a4-be65-05a8d077add6,U3-24MAR-T3.8,3,2024-03-11T12:03:07.818601Z,53,47,yes
485,3f49ae7d-08ca-4909-8208-4cf9c05d4ca3,U3-24MAR-T3.8,1,2024-03-11T12:03:07.818601Z,52,48,yes
486,f6cf6504-5f77-4fc4-84a8-16b2a7db2f8f,U3-24MAR-T3.8,1,2024-03-11T12:03:07.782679Z,51,49,yes
487,c9d468d8-3f71-4ffd-a5b8-1120f0adc426,U3-24MAR-T3.8,26,2024-03-11T12:03:07.782679Z,51,49,yes
488,36814f32-8eae-4053-918b-09c5762a3747,U3-24MAR-T3.8,400,2024-03-11T12:03:01.899217Z,47,53,yes
489,5877d88c-fca2-4899-b334-5fdd218f5a22,U3-24MAR-T3.8,400,2024-03-11T12:03:01.868355Z,47,53,yes
490,b9dd1d30-a8cf-4539-87fa-7efe0e564dee,U3-24MAR-T3.8,160,2024-03-11T12:03:01.848267Z,47,53,yes
491,e2c6f11a-126a-4fcd-9490-91e06275eda9,U3-24MAR-T3.8,1,2024-03-11T12:02:57.076628Z,47,53,no
492,e1b1c04c-e689-4e05-ad12-910f0bb5fc88,U3-24MAR-T3.8,120,2024-03-11T12:02:57.076628Z,64,36,no
493,e163bad6-baf6-40c8-bcbc-5d90a5e9ef59,U3-24MAR-T3.8,1,2024-03-11T12:02:57.076628Z,61,39,no
494,c32a5f9a-156c-462b-af0c-09377ea32cf4,U3-24MAR-T3.8,4,2024-03-11T12:02:57.076628Z,55,45,no
495,b7276567-69e0-49b9-8b2d-14b4e1d61ea9,U3-24MAR-T3.8,13,2024-03-11T12:02:57.076628Z,59,41,no
496,b380e530-ebb7-46bd-8a17-e493d023cc7d,U3-24MAR-T3.8,3,2024-03-11T12:02:57.076628Z,47,53,no
497,af506cc3-4b13-4adf-a50e-19b746e761bc,U3-24MAR-T3.8,3,2024-03-11T12:02:57.076628Z,57,43,no
498,af04ec9c-81ff-46eb-92a5-ec94bc48361d,U3-24MAR-T3.8,3,2024-03-11T12:02:57.076628Z,59,41,no
499,9f77305e-cbc8-4389-8769-ce600fec6164,U3-24MAR-T3.8,12,2024-03-11T12:02:57.076628Z,57,43,no
500,98c4f0fe-d820-49ca-b070-3a864078eb77,U3-24MAR-T3.8,4,2024-03-11T12:02:57.076628Z,56,44,no
501,94ef4556-c4e2-4dd5-bf0e-d7e44424cef7,U3-24MAR-T3.8,3,2024-03-11T12:02:57.076628Z,58,42,no
502,89c4d9d1-fc92-408c-a6e0-7fea04aec488,U3-24MAR-T3.8,1,2024-03-11T12:02:57.076628Z,54,46,no
503,7762a2c9-ac34-4d62-81fb-2cf5846966ec,U3-24MAR-T3.8,5,2024-03-11T12:02:57.076628Z,53,47,no
504,63798c2a-8c25-4ac3-8d1c-b5a4154faaf3,U3-24MAR-T3.8,400,2024-03-11T12:02:57.076628Z,60,40,no
505,5f8d0574-d489-4de7-9f00-3464e19ff8dc,U3-24MAR-T3.8,3,2024-03-11T12:02:57.076628Z,57,43,no
506,5a131b1e-e868-443e-8dfe-899aaa35c491,U3-24MAR-T3.8,3,2024-03-11T12:02:57.076628Z,48,52,no
507,588f9d5c-a845-4fbb-a3d2-85f63cc98f8f,U3-24MAR-T3.8,1,2024-03-11T12:02:57.076628Z,61,39,no
508,436ee255-2340-4d22-94e8-6001dc7026fb,U3-24MAR-T3.8,1,2024-03-11T12:02:57.076628Z,54,46,no
509,429781af-a755-49b2-90d4-c6a57024f05f,U3-24MAR-T3.8,1,2024-03-11T12:02:57.076628Z,60,40,no
510,1ecfdd47-7bb3-411f-a65a-fc89195edda1,U3-24MAR-T3.8,1,2024-03-11T12:02:57.076628Z,59,41,no
511,1cfa8feb-f292-4af2-9c21-fa76c4fa80ac,U3-24MAR-T3.8,400,2024-03-11T12:02:57.076628Z,62,38,no
512,035ffc18-5205-4ad4-bb6b-b50f29be348b,U3-24MAR-T3.8,3,2024-03-11T12:02:57.076628Z,54,46,no
513,53804b28-a813-4d9b-9665-c454706a86f3,U3-24MAR-T3.8,100,2024-03-08T14:04:40.963026Z,66,34,no
514,7e6cb049-274f-499f-a34a-e7c607040c02,U3-24MAR-T3.8,120,2024-03-08T13:21:26.830657Z,24,76,no
515,059e716a-ca50-47d3-95c0-06fa1cbc84dc,U3-24MAR-T3.9,600,2024-04-05T12:16:18.623357Z,23,77,no
516,52f8f571-db04-460f-bffb-466ccc42c5e0,U3-24MAR-T3.9,64,2024-04-05T12:15:12.37654Z,24,76,no
517,cdc38f46-95e2-4d06-beb1-f986b8f27ebc,U3-24MAR-T3.9,31,2024-04-05T01:22:14.497166Z,30,70,yes
518,7d5f72fd-f2dd-4c65-9e9f-0a2e35067f7d,U3-24MAR-T3.9,1,2024-04-05T00:19:38.544707Z,22,78,no
519,05093099-54f0-4864-a7c0-af5e5da9bdd9,U3-24MAR-T3.9,31,2024-04-04T22:41:09.146906Z,30,70,yes
520,d097368c-5fd7-459e-a7fd-5deaecc0ba98,U3-24MAR-T3.9,1,2024-04-04T21:49:42.938086Z,29,71,yes
521,4b919322-a97c-4397-84b2-562eae764cef,U3-24MAR-T3.9,9,2024-04-04T21:49:42.938086Z,30,70,yes
522,b4a7a422-10c4-4a9a-ac60-114e8d07fda7,U3-24MAR-T3.9,34,2024-04-04T20:39:10.803188Z,28,72,yes
523,90096c4d-821a-4460-a20e-f02132a2b855,U3-24MAR-T3.9,34,2024-04-04T20:38:13.19414Z,28,72,yes
524,25282d18-a77a-4c48-8afe-486a6da83ec9,U3-24MAR-T3.9,12,2024-04-04T20:29:41.795566Z,24,76,no
525,c3428061-7764-4247-a98e-0c108a8e2196,U3-24MAR-T3.9,10,2024-04-04T19:38:35.250201Z,25,75,no
526,868aa7da-552f-4e6b-907f-27718e3999ab,U3-24MAR-T3.9,313,2024-04-04T19:38:35.250201Z,24,76,no
527,d5c038ef-30aa-4864-99d0-ad52d4c28238,U3-24MAR-T3.9,34,2024-04-04T18:51:35.92447Z,28,72,yes
528,daa70186-76df-4c74-80b1-1f2402a45778,U3-24MAR-T3.9,34,2024-04-04T17:44:03.159142Z,28,72,yes
529,6101d5a2-0ad7-4ca0-b30c-b2f662ea4cf0,U3-24MAR-T3.9,24,2024-04-04T17:32:51.006081Z,28,72,yes
530,3aa0f2d2-115c-4dcc-af53-10acce3b8a40,U3-24MAR-T3.9,10,2024-04-04T17:32:51.006081Z,27,73,yes
531,cfc0cb43-31dd-435b-b843-9870290b3d67,U3-24MAR-T3.9,3,2024-04-04T17:13:38.115376Z,24,76,no
532,aa7c9e5e-5cb7-4f15-93c6-b397147f8327,U3-24MAR-T3.9,10,2024-04-04T17:13:38.115376Z,25,75,no
533,c20f9761-4549-4ee9-b5c5-7b357d978dc5,U3-24MAR-T3.9,330,2024-04-04T15:52:28.744573Z,28,72,yes
534,89b707e2-a9e9-4f0a-a13c-e584caf580e7,U3-24MAR-T3.9,10,2024-04-04T15:52:28.744573Z,27,73,yes
535,e910e6ab-60d9-449f-b3f8-456f1a3743cc,U3-24MAR-T3.9,12,2024-04-04T15:25:16.050977Z,24,76,no
536,5df4f2fd-bf14-4192-91f6-8db97ca1d7c1,U3-24MAR-T3.9,34,2024-04-04T14:04:52.36362Z,28,72,yes
537,0d6cd603-4e17-4a9e-8b52-4827e67939e6,U3-24MAR-T3.9,17,2024-04-04T13:41:28.778763Z,28,72,yes
538,b7378cfe-3beb-4b56-be15-cf3e1345d57f,U3-24MAR-T3.9,3,2024-04-03T22:32:35.606936Z,29,71,yes
539,205d5d7a-09e4-40bf-b374-bdfe0ee4b4f4,U3-24MAR-T3.9,3,2024-04-03T16:59:22.040235Z,22,78,no
540,ba5234b5-5e09-4fdb-97c0-ffc9d513a3aa,U3-24MAR-T3.9,5,2024-04-03T02:30:33.184131Z,22,78,no
541,77a19417-b0d5-454f-b068-20a505e240a4,U3-24MAR-T3.9,6,2024-04-03T00:35:42.978156Z,29,71,yes
542,50ad4dcc-4ddf-4b66-bf00-e84e9c5c0d41,U3-24MAR-T3.9,12,2024-04-02T23:36:12.014355Z,21,79,no
543,e8396037-ee50-40c0-8c01-3666c848bdbe,U3-24MAR-T3.9,1,2024-04-02T22:18:25.305821Z,21,79,no
544,b4832767-b2c2-48c5-b3fa-337593271334,U3-24MAR-T3.9,3,2024-04-02T22:18:06.557096Z,30,70,yes
545,b52a316e-9e93-40b2-b55a-cb2db4ff5c75,U3-24MAR-T3.9,3,2024-04-02T22:09:07.118113Z,30,70,yes
546,433424d4-5993-48f6-a68c-ab24da0b6488,U3-24MAR-T3.9,7,2024-04-01T13:27:05.75509Z,27,73,yes
547,cb9729d0-e097-4d23-b5ee-36ff6275c145,U3-24MAR-T3.9,3,2024-03-30T15:10:47.552811Z,20,80,no
548,692a69ee-52ac-4de8-a0ab-912f1c6a344c,U3-24MAR-T3.9,2,2024-03-29T21:54:19.323492Z,21,79,no
549,46adce07-425c-402a-9f4e-e275f638c05d,U3-24MAR-T3.9,10,2024-03-29T21:54:19.323492Z,20,80,no
550,9a9f7fba-d2a6-49de-8931-a966b8be4f74,U3-24MAR-T3.9,10,2024-03-29T16:46:56.130407Z,27,73,yes
551,678d14dd-f66f-4716-9241-b6f293463141,U3-24MAR-T3.9,6,2024-03-29T01:09:45.473882Z,21,79,no
552,af744722-1fd9-4f2b-b9ab-8c4f613babfa,U3-24MAR-T3.9,1,2024-03-28T01:32:58.228024Z,28,72,yes
553,8648b8b6-b1ab-4257-a89f-a45ab2fdf99e,U3-24MAR-T3.9,135,2024-03-27T22:28:34.416033Z,28,72,yes
554,ecdab646-0a4f-4811-8355-7648ef6545cb,U3-24MAR-T3.9,2,2024-03-26T23:37:38.699366Z,21,79,no
555,c9d81cf5-316b-4c77-be6c-32408e769a46,U3-24MAR-T3.9,38,2024-03-25T20:36:11.634908Z,25,75,yes
556,d5702000-7c0c-4d14-82df-135570cd6050,U3-24MAR-T3.9,100,2024-03-25T19:01:25.930341Z,25,75,yes
557,55683a10-8d71-4748-bc95-b7e8b1961654,U3-24MAR-T3.9,36,2024-03-25T15:45:24.687494Z,24,76,yes
558,80ce4c30-92ed-46bc-ac85-0a83d3017515,U3-24MAR-T3.9,26,2024-03-25T14:00:21.839422Z,19,81,no
559,4a50d5a6-c75d-44de-bfc3-9cfd0ca258cb,U3-24MAR-T3.9,9,2024-03-25T14:00:21.839422Z,19,81,no
560,53740cb0-49a4-473a-835b-efc6976babf2,U3-24MAR-T3.9,8,2024-03-25T12:04:40.655147Z,20,80,no
561,7853a9ae-7b72-492e-ac98-581bd320cada,U3-24MAR-T3.9,1,2024-03-25T00:48:25.795279Z,20,80,no
562,8a4efc4b-b447-4381-9bc1-720b9e2a543c,U3-24MAR-T3.9,1,2024-03-24T21:58:34.40469Z,20,80,no
563,d71f2cae-f4d7-498b-99ad-922b61b7e16e,U3-24MAR-T3.9,35,2024-03-24T21:56:35.266762Z,27,73,yes
564,ffe57580-b0c3-4dab-8d96-9f8397b1032c,U3-24MAR-T3.9,20,2024-03-24T18:51:21.079061Z,27,73,yes
565,0b78ea31-def9-4a97-b6de-6f5987175e71,U3-24MAR-T3.9,103,2024-03-23T22:55:12.88602Z,26,74,yes
566,3b6ca80f-3d69-4d68-b71c-e991fe4ab316,U3-24MAR-T3.9,100,2024-03-22T18:42:13.536808Z,20,80,yes
567,58048dde-9bd1-46df-8714-4a9d024008ee,U3-24MAR-T3.9,200,2024-03-22T14:53:41.818479Z,20,80,no
568,fc1e6d30-4adb-419a-851b-e6a4780390d5,U3-24MAR-T3.9,1,2024-03-21T19:34:34.599458Z,19,81,no
569,31252c2c-563e-49ec-b696-f97d9b63e952,U3-24MAR-T3.9,253,2024-03-21T13:34:13.591951Z,20,80,yes
570,5d337972-57ea-4db8-be53-1447ace6c6e5,U3-24MAR-T3.9,57,2024-03-20T19:21:32.875639Z,29,71,yes
571,2f076523-a65f-493d-9ee1-89a01e109629,U3-24MAR-T3.9,10,2024-03-20T19:21:32.875639Z,28,72,yes
572,8fa21050-83f8-4c96-97d4-76aaa4344fcd,U3-24MAR-T3.9,168,2024-03-20T19:10:04.565457Z,23,77,no
573,d84afd70-6a1d-4ec0-a000-0b12f30afa44,U3-24MAR-T3.9,168,2024-03-20T19:09:32.076985Z,23,77,no
574,c9747eac-ba89-4a1b-8e32-d79e92833ac6,U3-24MAR-T3.9,3,2024-03-18T00:23:42.509933Z,50,50,yes
575,aae4df9a-adea-4ea0-bce4-66b08be683b9,U3-24MAR-T3.9,400,2024-03-16T03:39:09.789841Z,31,69,yes
576,40f9fe08-bc26-4332-8053-80470d23d8f9,U3-24MAR-T3.9,1,2024-03-14T17:11:04.324926Z,23,77,no
577,7593e51e-c501-4bbf-902b-0c7cb9d44b70,U3-24MAR-T3.9,5,2024-03-14T03:05:31.189736Z,30,70,yes
578,246ec092-4f6a-4008-a195-37e853c4c05f,U3-24MAR-T3.9,1,2024-03-14T03:05:31.189736Z,26,74,yes
579,c06ebd02-4003-48c5-83dc-50c2525995a7,U3-24MAR-T3.9,54,2024-03-12T16:45:00.429174Z,26,74,yes
580,1b9376bc-9dc1-4a0f-b61f-9dd9e1741a0b,U3-24MAR-T3.9,18,2024-03-11T16:43:43.417968Z,26,74,yes
581,6fa5644b-e08e-487b-b8aa-b09fc765c25a,U3-24MAR-T3.9,6,2024-03-11T13:27:09.876808Z,26,74,no
582,5e9f1997-d0b7-40c4-9020-411a7d7f86b1,U3-24MAR-T3.9,54,2024-03-11T13:27:09.876808Z,26,74,no
583,9c53ec9d-eeff-4b0e-94cb-2417dfb2e623,U3-24MAR-T3.9,200,2024-03-11T12:09:28.525547Z,36,64,no
584,e70205ff-ef53-4458-9fe2-4a0dd6545235,U3-24MAR-T3.9,3,2024-03-11T12:09:25.793245Z,35,65,yes
585,bcc10049-82db-4240-8510-3c66e1548420,U3-24MAR-T3.9,160,2024-03-11T12:09:25.793245Z,35,65,yes
586,a9374897-cb08-4bce-8e02-2f5c6fcdc5b5,U3-24MAR-T3.9,4,2024-03-11T12:09:25.793245Z,36,64,yes
587,3e1d79d3-b45c-437b-8286-f7e45c0c8434,U3-24MAR-T3.9,3,2024-03-11T12:09:25.793245Z,32,68,yes
588,27cd079e-52e1-4a62-aacb-77cfe303f3f5,U3-24MAR-T3.9,1,2024-03-11T12:09:25.793245Z,34,66,yes
589,8532b4cc-7045-492c-b5a7-d6dac86a04cf,U3-24MAR-T3.9,200,2024-03-11T12:09:12.618411Z,28,72,yes
590,f5b130db-2946-4036-9eb5-903ff02fab62,U3-24MAR-T3.9,10,2024-03-11T12:09:05.705335Z,31,69,no
591,836855e8-3a1f-4ade-8959-6b358e604bde,U3-24MAR-T3.9,120,2024-03-11T12:09:05.705335Z,28,72,no
592,290fecf2-a4b5-4b20-8361-9b5749b357a8,U3-24MAR-T3.9,116,2024-03-11T12:07:59.395387Z,36,64,yes
593,c4dcc841-31e6-4b91-94b9-153f84439aed,U3-24MAR-T3.9,1,2024-03-11T12:02:57.097768Z,34,66,no
594,af074281-cbc6-4a9c-ba32-dd600f7c13c0,U3-24MAR-T3.9,400,2024-03-11T12:02:57.097768Z,36,64,no
595,490c7c60-640d-40fd-892d-c5d7e836a1e8,U3-24MAR-T3.9,311,2024-03-11T12:02:57.097768Z,34,66,no
596,3ae139f5-4587-4748-8f52-06f8b372d03e,U3-24MAR-T3.9,160,2024-03-11T12:02:57.097768Z,38,62,no
597,0efe72ea-2080-4835-86c6-ee10e6674802,U3-24MAR-T3.9,31,2024-03-10T17:49:33.445771Z,47,53,yes
598,c6e728a1-c6c9-4dd7-962f-c917808dffc4,U3-24MAR-T3.9,200,2024-03-10T02:08:14.13079Z,41,59,no
599,9a333a50-16cf-480d-93e5-52aaef9ab939,U3-24MAR-T3.9,19,2024-03-08T21:33:05.615643Z,49,51,yes
600,822906c4-51bd-40a4-b69c-97f6034c8767,U3-24MAR-T3.9,14,2024-03-08T18:13:57.079245Z,47,53,yes
601,98d8b014-6a15-4b25-a212-f1f762447988,U3-24MAR-T3.9,102,2024-03-08T17:59:02.654731Z,47,53,yes
602,186ebf50-e111-4915-92d1-86137f67f9a2,U3-24APR-T3.4,500,2024-05-03T12:09:35.983101Z,99,1,yes
603,1b3c6351-d6b7-4e34-9792-5c85925a4087,U3-24APR-T3.4,200,2024-05-03T12:03:39.934978Z,99,1,yes
604,d351525a-a4b7-4227-b93a-fc18f4ceb48d,U3-24APR-T3.4,300,2024-05-03T12:03:22.895994Z,99,1,yes
605,141fe3c5-40e4-4349-b500-b416a484c521,U3-24APR-T3.4,10,2024-05-03T12:01:47.306491Z,99,1,yes
606,06695409-9d44-44fe-b26e-57924dd1d093,U3-24APR-T3.4,50,2024-04-09T03:14:38.788922Z,99,1,yes
607,c84a69b7-ce84-46ad-85fb-9a1f539ef799,U3-24APR-T3.5,16,2024-05-03T12:02:55.242887Z,95,5,yes
608,f6991ca1-0ddd-41fb-b30b-59caa97cf525,U3-24APR-T3.5,300,2024-05-03T12:02:38.133408Z,95,5,yes
609,a52a8820-2eff-42b5-81f1-f92e24a31dee,U3-24APR-T3.5,800,2024-05-03T12:01:27.672356Z,95,5,no
610,f2029183-d15f-4ac4-9baf-8ecb97afde0e,U3-24APR-T3.5,300,2024-05-02T22:13:56.52806Z,95,5,no
611,29b95402-0fab-4c9f-a099-766997589070,U3-24APR-T3.5,1700,2024-05-02T22:13:56.52806Z,95,5,no
612,bd3528ac-8945-4f48-9e4b-280f1cf97b4d,U3-24APR-T3.5,383,2024-05-02T17:04:13.679092Z,96,4,no
613,16abe519-218a-4913-bc07-9a0a66062e67,U3-24APR-T3.5,2117,2024-05-02T17:04:13.605499Z,96,4,no
614,a1e47934-b058-4a77-8a0f-18194baa0b3c,U3-24APR-T3.5,1200,2024-05-02T13:47:48.781954Z,96,4,yes
615,96c499ab-0df7-4d6b-8a0b-850a19b40556,U3-24APR-T3.5,350,2024-05-02T13:47:48.781954Z,96,4,yes
616,b5308e4d-64f8-447c-920d-083ef13997c8,U3-24APR-T3.5,500,2024-05-02T13:40:27.81939Z,96,4,yes
617,658d85b2-fe50-48e1-9ca1-7449885febe9,U3-24APR-T3.5,200,2024-05-02T12:34:30.258281Z,96,4,yes
618,5c3034ae-5d6d-44e9-9ff4-7b9112eae300,U3-24APR-T3.5,200,2024-05-01T14:03:15.703807Z,96,4,yes
619,059350de-a9a9-41d4-aa6b-79adaf86b736,U3-24APR-T3.5,100,2024-05-01T14:03:15.703807Z,96,4,yes
620,57424f5f-c7d3-4707-8dbc-d9782e8ac9ba,U3-24APR-T3.5,1894,2024-04-30T17:42:16.480961Z,96,4,yes
621,15e882c8-d5d3-404f-ad94-2b4233fb46a5,U3-24APR-T3.5,400,2024-04-30T16:56:06.060794Z,96,4,yes
622,025d228c-c314-443c-9db3-f298c9e05649,U3-24APR-T3.5,400,2024-04-30T13:48:45.85442Z,96,4,yes
623,59bbe5c4-d4af-40d5-9176-a445aa5cf88a,U3-24APR-T3.5,706,2024-04-30T13:48:16.248258Z,96,4,yes
624,bb39fde1-7b12-44c3-9927-3f4165074570,U3-24APR-T3.5,1394,2024-04-30T12:39:57.983292Z,96,4,yes
625,8a6efefd-2d05-4d49-8825-3f0da45ae76a,U3-24APR-T3.5,500,2024-04-30T12:35:31.203176Z,96,4,yes
626,7198eed0-391b-4019-a3cb-97a38fd4472e,U3-24APR-T3.5,500,2024-04-30T12:17:23.93609Z,96,4,yes
627,2444dccc-b57a-418b-b087-5344bd230c17,U3-24APR-T3.5,500,2024-04-30T12:16:36.129764Z,96,4,yes
628,fdebbf81-dcd2-48f7-9df1-0a2a935729bf,U3-24APR-T3.5,6,2024-04-30T12:07:59.593766Z,95,5,no
629,fc17934d-0711-4332-b316-8d124873ced7,U3-24APR-T3.5,211,2024-04-30T12:07:59.593766Z,96,4,no
630,c38be54b-29a1-4c19-9aaa-9397758ef42b,U3-24APR-T3.5,10,2024-04-30T12:07:59.593766Z,95,5,no
631,65fbf88b-7e13-42a3-b9b4-f3cc28497b72,U3-24APR-T3.5,1582,2024-04-30T12:07:59.593766Z,95,5,no
632,628585de-4edd-46dd-bf7c-bc69976e7a52,U3-24APR-T3.5,7,2024-04-30T12:07:59.593766Z,96,4,no
633,4ca40433-d37c-47d0-b134-ffd1106a4806,U3-24APR-T3.5,6,2024-04-30T12:07:59.593766Z,96,4,no
634,3e527997-9a0a-4472-82d9-14fc36543f53,U3-24APR-T3.5,31,2024-04-30T12:07:59.593766Z,96,4,no
635,26851a17-013f-40fa-b564-5cbb24b47c7d,U3-24APR-T3.5,6,2024-04-30T12:07:59.593766Z,96,4,no
636,180606b2-e77c-4266-be44-deab172660e3,U3-24APR-T3.5,6,2024-04-30T12:07:59.593766Z,96,4,no
637,1212fdb5-d3bd-415d-a166-98698111952c,U3-24APR-T3.5,13,2024-04-30T03:11:18.897159Z,97,3,yes
638,cfdd3bba-697b-428e-88ab-cf8da3aa4f29,U3-24APR-T3.5,780,2024-04-24T12:08:53.062924Z,96,4,yes
639,d26fc501-d1e5-440b-9754-6691a381b59b,U3-24APR-T3.5,100,2024-04-24T12:01:40.503855Z,96,4,no
640,b2cbdba1-eadf-442d-984f-41f2b3211d0e,U3-24APR-T3.5,60,2024-04-24T12:01:40.503855Z,96,4,no
641,3b0f5d0d-41bd-41b9-9aa1-22eb36fabf46,U3-24APR-T3.5,2000,2024-04-20T22:44:37.206175Z,97,3,yes
642,b85d5ce0-ba23-4bcb-9417-6afaa5354a46,U3-24APR-T3.5,50,2024-04-08T15:34:08.910713Z,96,4,no
643,e4ac07be-9f62-4d9f-8966-484cc9185912,U3-24APR-T3.6,100,2024-05-03T12:22:48.030211Z,83,17,yes
644,11250a87-b8ec-4370-860d-14291974d8ef,U3-24APR-T3.6,50,2024-05-03T12:07:34.696259Z,81,19,yes
645,a98dbf4d-6113-43dc-93b6-00c72763f084,U3-24APR-T3.6,200,2024-05-03T12:05:22.987512Z,83,17,no
646,8fd0b6bd-6583-4e18-a17d-6b07c24f1c53,U3-24APR-T3.6,150,2024-05-03T12:05:22.987512Z,84,16,no
647,7added20-fc5f-4c2c-85d4-9a3027605c1f,U3-24APR-T3.6,100,2024-05-03T12:05:22.987512Z,81,19,no
648,77a11751-ffe1-4d42-91a6-9aadae84d4d4,U3-24APR-T3.6,40,2024-05-03T12:05:22.987512Z,82,18,no
649,5000ca9f-d6f2-476f-85df-02549be38bdc,U3-24APR-T3.6,10,2024-05-03T12:01:31.587029Z,85,15,no
650,c070fc9d-3477-46df-84e1-ff15e6c3ab00,U3-24APR-T3.6,100,2024-05-03T00:56:40.120891Z,86,14,no
651,9806e185-2fd4-4dbc-a90b-071855cde0e7,U3-24APR-T3.6,10,2024-05-03T00:41:04.443098Z,87,13,yes
652,6d94b943-3cf3-4a42-bd05-833461a9a8ab,U3-24APR-T3.6,10,2024-05-02T23:55:54.641315Z,86,14,yes
653,76e9f764-8bcf-4a1b-9660-ab29ffcfa882,U3-24APR-T3.6,10,2024-05-02T22:13:49.084515Z,86,14,no
654,4d1120fd-2e8c-4298-b83b-a7694f8cc29f,U3-24APR-T3.6,150,2024-05-02T22:13:49.084515Z,85,15,no
655,11643582-1a55-4736-ac8c-4d86b170d152,U3-24APR-T3.6,25,2024-05-02T22:13:49.084515Z,85,15,no
656,c8bb0fb7-d5b8-4b94-9e28-307a003ed08d,U3-24APR-T3.6,40,2024-05-02T21:29:19.325456Z,87,13,yes
657,10826f22-5214-4d30-84f3-29b9005166a2,U3-24APR-T3.6,1,2024-05-02T18:57:03.084846Z,86,14,yes
658,d5624daa-d5e6-4f92-a092-00482056357c,U3-24APR-T3.6,1200,2024-05-02T13:47:59.155925Z,86,14,yes
659,7ebadda4-97d1-4123-9b4e-7eb3a6917f83,U3-24APR-T3.6,150,2024-05-02T13:40:40.090813Z,86,14,yes
660,4d52ad6d-4eb5-48cf-88cb-61a6186545ac,U3-24APR-T3.6,60,2024-05-02T01:45:01.339038Z,87,13,yes
661,a02c7c8d-f923-40ff-bbdb-18c6492cf14e,U3-24APR-T3.6,200,2024-05-01T14:03:39.442611Z,86,14,yes
662,4c7feb99-b1fa-44e3-ad76-042371dec56f,U3-24APR-T3.6,150,2024-05-01T14:03:28.931261Z,86,14,yes
663,978e9526-37bb-418b-836f-d45528a0d8b6,U3-24APR-T3.6,200,2024-04-30T13:42:07.862238Z,85,15,yes
664,31ae064e-870c-491a-a95f-a05ed28c79a4,U3-24APR-T3.6,1250,2024-04-30T13:24:07.3975Z,85,15,yes
665,fe8c5b38-f3e2-4c64-baab-a9a4716476bd,U3-24APR-T3.6,100,2024-04-30T12:07:58.064353Z,84,16,no
666,b17fbd8f-5558-40d6-8d4a-7e024f51050a,U3-24APR-T3.6,250,2024-04-30T12:07:58.064353Z,84,16,no
667,848e2bdb-6fbc-4168-b501-9f0ecb038019,U3-24APR-T3.6,1281,2024-04-30T12:07:58.064353Z,83,17,no
668,ddc2a82d-2206-4044-acb7-25aa4bab865f,U3-24APR-T3.6,100,2024-04-30T12:04:14.428426Z,86,14,no
669,93aa1856-55c8-431a-9051-6cc34f30d971,U3-24APR-T3.6,1271,2024-04-30T12:04:14.428426Z,85,15,no
670,4abf52cb-6782-4549-a804-82f082cabf10,U3-24APR-T3.6,10,2024-04-30T12:04:14.428426Z,85,15,no
671,35f90970-1a2f-4227-8a53-5f024fbcd0d8,U3-24APR-T3.6,250,2024-04-30T12:04:14.428426Z,85,15,no
672,96634a36-82dd-4878-9cbb-40a63b776629,U3-24APR-T3.6,11,2024-04-29T22:12:09.414622Z,88,12,yes
673,527e7545-4994-4081-a18f-54debdb334f0,U3-24APR-T3.6,1691,2024-04-29T13:35:16.983008Z,87,13,no
674,358707a8-2673-4989-9378-0e4f23b2e40b,U3-24APR-T3.6,1268,2024-04-25T18:38:37.754416Z,88,12,yes
675,494a387b-b3d3-4e05-bb46-fcac2d7f8ac6,U3-24APR-T3.6,1100,2024-04-22T14:43:42.855116Z,88,12,no
676,df70af44-3a0a-4141-a65a-4b318701e757,U3-24APR-T3.6,400,2024-04-22T14:43:24.818503Z,88,12,yes
677,efecc9ca-d588-4a69-b633-531587ad497b,U3-24APR-T3.6,600,2024-04-22T14:43:24.702043Z,88,12,yes
678,ef307300-c7d8-4cff-b225-3544a8aa336c,U3-24APR-T3.6,100,2024-04-22T14:32:57.79068Z,86,14,no
679,d25d6f16-9cc5-4fa5-9562-907b3825b4e2,U3-24APR-T3.6,250,2024-04-22T14:32:57.79068Z,86,14,no
680,577a95b3-3058-45ec-9dba-473e87317536,U3-24APR-T3.6,10,2024-04-22T14:32:57.79068Z,87,13,no
681,40d7181b-54e3-4fc1-aaea-212a49d15bf5,U3-24APR-T3.6,100,2024-04-22T14:32:57.79068Z,87,13,no
682,fba4188c-692b-4e5c-93d6-6d0d68fcf191,U3-24APR-T3.6,2000,2024-04-20T22:45:03.785934Z,88,12,yes
683,afb8aa51-86be-4d34-b855-959623779d5f,U3-24APR-T3.6,100,2024-04-05T16:09:13.139472Z,90,10,yes
684,7e886eeb-55b3-4ce0-b9c4-ad405e6cadf2,U3-24APR-T3.6,100,2024-04-05T16:08:52.740152Z,90,10,yes
685,c7f70b2d-fc33-46bb-8134-d220e9d82d03,U3-24APR-T3.7,80,2024-05-03T12:06:30.193917Z,64,36,yes
686,860257a2-7b75-49a9-a479-e3cffa5a55ef,U3-24APR-T3.7,10,2024-05-03T12:01:32.656374Z,68,32,no
687,5fbdf17a-726f-4c48-88f1-e407ecd496db,U3-24APR-T3.7,1190,2024-05-03T12:01:32.656374Z,67,33,no
688,b0ce8076-f1f4-48a1-81d2-9b80760fecbb,U3-24APR-T3.7,30,2024-05-02T22:06:00.363465Z,72,28,yes
689,56abf16d-909a-4589-b6e3-f1af94642d6a,U3-24APR-T3.7,500,2024-05-01T15:12:39.929163Z,68,32,yes
690,71fd8bbd-aacd-4e7d-8e39-82472d17d543,U3-24APR-T3.7,10,2024-04-30T23:34:51.298493Z,72,28,yes
691,6b8587e2-94db-4ac2-ac33-91329aaa2ddf,U3-24APR-T3.7,7,2024-04-30T19:05:44.609645Z,68,32,yes
692,9ebf9f57-6e9d-4d2d-a6e3-dfecd6e7b5d2,U3-24APR-T3.7,1324,2024-04-30T12:10:19.857121Z,68,32,no
693,9d1783a9-2867-46f8-846c-c902771a72f8,U3-24APR-T3.7,765,2024-04-30T12:07:57.465204Z,70,30,no
694,8f94237c-e9e4-4ac5-9991-97b68c9ae2c3,U3-24APR-T3.7,470,2024-04-30T12:07:57.465204Z,68,32,no
695,823048d6-5c4b-4c1a-b22a-a776fe9144c8,U3-24APR-T3.7,1235,2024-04-30T12:04:17.195816Z,70,30,no
696,0b98b012-8ce2-4904-ba9c-bef1527dd859,U3-24APR-T3.7,100,2024-04-29T20:31:11.744319Z,72,28,no
697,3316b17a-6b94-4556-95bb-a8cc78fab6ec,U3-24APR-T3.7,486,2024-04-29T13:38:52.860189Z,74,26,no
698,c2c4d7fd-38f5-4885-b464-ba0e7435b08f,U3-24APR-T3.7,1314,2024-04-29T13:35:16.947066Z,74,26,no
699,1e857666-975a-4ce4-8e48-82a7b2958b2e,U3-24APR-T3.7,10,2024-04-29T13:35:16.947066Z,75,25,no
700,e5a5e877-b379-4694-b1ba-6f5a7081c802,U3-24APR-T3.7,90,2024-04-28T15:14:34.367137Z,78,22,yes
701,bc4ed555-f8f3-4cfc-84f5-aec25beec892,U3-24APR-T3.7,10,2024-04-28T15:14:34.367137Z,77,23,yes
702,1b66a17d-e767-4a32-907c-02088a451c76,U3-24APR-T3.7,100,2024-04-28T00:55:18.006351Z,74,26,no
703,1550185b-ac37-4168-b33d-1ff5b3a9c6fc,U3-24APR-T3.7,100,2024-04-26T15:38:27.27068Z,74,26,no
704,dee15752-93c8-4649-a320-9f80d91d1600,U3-24APR-T3.7,6,2024-04-25T20:47:31.24362Z,75,25,yes
705,e6c8d39f-8e97-4642-81b3-f3c2b664fc90,U3-24APR-T3.7,5,2024-04-21T16:50:39.752349Z,75,25,yes
706,7853b5da-a40f-4241-99ef-faeb2774522f,U3-24APR-T3.7,400,2024-04-16T02:19:35.320357Z,73,27,yes
707,29987047-fcbb-472e-a818-de1cbaef8e75,U3-24APR-T3.7,1,2024-04-12T18:28:55.954465Z,68,32,yes
708,592d6aaa-6bc8-41db-9bc7-3454a04ea814,U3-24APR-T3.7,160,2024-04-12T12:22:46.391167Z,68,32,no
709,d290834e-f8f4-4d1d-a071-8b6613f6ec40,U3-24APR-T3.7,91,2024-04-12T12:22:39.165875Z,70,30,yes
710,387751b5-fb38-4dd5-8dd8-8234d1a7d911,U3-24APR-T3.7,91,2024-04-12T12:04:44.005473Z,70,30,yes
711,b9f2b02b-6e81-4ce9-804a-5d801b2e2f66,U3-24APR-T3.7,11,2024-04-12T12:01:23.086604Z,70,30,no
712,b4d9cff6-e1e4-4ca8-9abb-c3904f508f4c,U3-24APR-T3.7,80,2024-04-12T12:01:13.067529Z,69,31,yes
713,5c358f26-ec9e-44b4-a526-49e4fadbe3c9,U3-24APR-T3.7,80,2024-04-09T14:39:13.906897Z,65,35,yes
714,4eff3e6a-fd48-420f-a671-381d370c79f9,U3-24APR-T3.7,160,2024-04-08T16:06:52.309327Z,65,35,no
715,fee653d3-21e9-4b42-8207-c1255330859b,U3-24APR-T3.7,320,2024-04-08T15:34:12.345882Z,65,35,no
716,68db40b9-87d2-408c-ba52-90f33e667abb,U3-24APR-T3.7,400,2024-04-08T15:34:08.921686Z,64,36,yes
717,ccb2a53a-46a2-4d32-9762-0f250628e3fe,U3-24APR-T3.8,400,2024-05-03T12:05:22.64773Z,43,57,yes
718,95e10271-78a6-465f-91af-702192db314c,U3-24APR-T3.8,50,2024-05-03T12:05:21.218773Z,43,57,no
719,6629e46f-8f62-402a-80d0-086b3127eba5,U3-24APR-T3.8,42,2024-05-03T12:03:47.962529Z,43,57,no
720,4f1bf0a1-0ff0-48e8-805c-8d1e8c98ae97,U3-24APR-T3.8,17,2024-05-03T12:00:47.368986Z,43,57,no
721,eea7dca7-a0e2-4b6a-bf70-b8db3acd734d,U3-24APR-T3.8,3,2024-05-03T01:30:04.87812Z,43,57,no
722,ed23e2bd-1e99-43b5-96db-6e041085f276,U3-24APR-T3.8,24,2024-05-03T00:40:41.366118Z,49,51,yes
723,665e9ed8-eb34-4b0a-bae9-34a7aa70239f,U3-24APR-T3.8,18,2024-05-03T00:40:41.366118Z,45,55,yes
724,33384bde-09ab-4a46-b705-3bc2b5c1fc75,U3-24APR-T3.8,50,2024-05-02T21:12:40.297176Z,43,57,no
725,ee6ce949-e633-4804-aa98-93e373327383,U3-24APR-T3.8,1,2024-05-02T18:58:16.802593Z,43,57,no
726,f36c8ae3-fa17-48b0-8529-557d761e994d,U3-24APR-T3.8,42,2024-05-02T16:53:32.16408Z,43,57,no
727,7c5cce55-5576-4b67-bea5-a8e801251f8c,U3-24APR-T3.8,17,2024-05-02T03:50:29.104748Z,43,57,no
728,b8339ad4-7d13-4e99-8984-3cecabddbc79,U3-24APR-T3.8,21,2024-05-01T22:23:20.466059Z,43,57,no
729,6bb5921a-ffc6-4e1e-80ce-e4ef83878794,U3-24APR-T3.8,85,2024-05-01T21:58:54.701494Z,43,57,no
730,ff5fdbbf-ff80-4539-ac13-5d08559122b6,U3-24APR-T3.8,21,2024-05-01T21:58:52.134759Z,45,55,yes
731,028b5ffb-cfd7-45df-b35e-85cf4dae7dae,U3-24APR-T3.8,17,2024-05-01T19:13:30.577732Z,43,57,no
732,d2bf5789-92f8-4b75-aa1e-dfe2cc0cc052,U3-24APR-T3.8,17,2024-05-01T19:12:50.148895Z,43,57,no
733,6740490e-7670-45bf-ba96-3b8fbfdb2112,U3-24APR-T3.8,21,2024-05-01T18:19:15.870277Z,45,55,yes
734,064804a8-a370-429c-94fc-1ba80d5bfb74,U3-24APR-T3.8,40,2024-04-30T23:36:41.414364Z,45,55,no
735,49a667cc-ceb7-46a3-a46b-f03b0b0f074c,U3-24APR-T3.8,61,2024-04-30T20:22:47.83061Z,45,55,no
736,dbe64133-9dd9-47e7-b233-d8aa8a3d9645,U3-24APR-T3.8,104,2024-04-30T19:26:41.481521Z,46,54,yes
737,efd72145-7add-4756-bcf2-ffb275c2f94d,U3-24APR-T3.8,20,2024-04-30T18:04:34.078401Z,46,54,yes
738,930f94c2-a650-42f1-b46e-e3432f2f99d6,U3-24APR-T3.8,176,2024-04-30T17:37:18.897657Z,45,55,no
739,b87f5b16-d71f-4a5c-8655-bb87741d46cf,U3-24APR-T3.8,764,2024-04-30T12:07:59.561112Z,45,55,no
740,f7424793-c0fc-4fbb-b5fa-5de5416b020e,U3-24APR-T3.8,18,2024-04-29T21:14:29.475335Z,47,53,no
741,4f733531-7aec-45ec-ac64-17e758e4a940,U3-24APR-T3.8,5,2024-04-29T21:05:46.070968Z,51,49,yes
742,8316231a-dae4-4f53-a530-5a6c816d320b,U3-24APR-T3.8,92,2024-04-29T21:04:43.605312Z,49,51,no
743,bd08bfe8-f150-47e9-a9d6-4f1778376c83,U3-24APR-T3.8,200,2024-04-29T18:06:29.688751Z,48,52,no
744,e3db5cfc-eae4-4b2a-89f0-6fa0bf024fdb,U3-24APR-T3.8,2,2024-04-29T15:46:42.752566Z,48,52,no
745,97ec608b-81b5-4bc3-affe-ebe0ef8e7717,U3-24APR-T3.8,10,2024-04-29T13:39:21.854014Z,47,53,yes
746,2849fc97-cf2c-47de-98e8-2b51987d8ad5,U3-24APR-T3.8,1000,2024-04-29T13:38:53.440425Z,47,53,yes
747,d1b6e0fd-783f-47a2-b3cf-f820bd2393a8,U3-24APR-T3.8,990,2024-04-29T13:36:59.987311Z,47,53,yes
748,2763e80a-ce73-4e90-93ea-9dacbab5cd18,U3-24APR-T3.8,10,2024-04-29T13:36:59.987311Z,46,54,yes
749,03337b0d-175d-48a8-979e-961b9d5fab2e,U3-24APR-T3.8,7,2024-04-28T22:28:11.24823Z,41,59,no
750,e9f85d57-eaed-4dd2-bee3-181f5dc9ec46,U3-24APR-T3.8,16,2024-04-27T03:10:54.742434Z,41,59,no
751,4ea947d6-1175-4d60-b21b-12f6d5b09bd3,U3-24APR-T3.8,7,2024-04-26T23:53:21.462459Z,45,55,yes
752,c92d41b1-8eaa-4ae3-8945-d8f82d1861da,U3-24APR-T3.8,4,2024-04-26T20:36:39.343821Z,45,55,yes
753,89a6c364-2240-46fe-8245-8ba8dba98955,U3-24APR-T3.8,107,2024-04-25T21:34:14.589022Z,41,59,no
754,523f8c26-fda3-4a69-a4f0-00256622cf0b,U3-24APR-T3.8,107,2024-04-24T22:16:39.739787Z,45,55,yes
755,bcde9365-c933-4463-bfcb-4de452d7d473,U3-24APR-T3.8,10,2024-04-24T12:21:53.355171Z,42,58,no
756,5d6bf598-5216-422b-bae0-0c2a3eb9e9f5,U3-24APR-T3.8,72,2024-04-24T12:21:53.355171Z,41,59,no
757,72581552-dec9-4e25-93ee-4832417f3b6c,U3-24APR-T3.8,25,2024-04-24T03:53:18.56483Z,45,55,yes
758,164e3be5-09e3-43da-93e1-a03097bffed5,U3-24APR-T3.8,32,2024-04-23T21:16:10.081895Z,45,55,yes
759,d9bb0793-1da0-4888-927d-13dbb6136ab4,U3-24APR-T3.8,200,2024-04-23T15:00:34.667319Z,45,55,yes
760,f5bf5a25-d71f-4673-a562-a6c59e06e0e2,U3-24APR-T3.8,10,2024-04-22T22:17:04.91149Z,45,55,yes
761,132adf3a-e7bd-473c-b950-d85896b10160,U3-24APR-T3.8,5,2024-04-22T20:17:36.320117Z,45,55,yes
762,f4c43b56-5393-4ba0-88b6-174588a91259,U3-24APR-T3.8,10,2024-04-22T17:25:51.233451Z,42,58,no
763,8abce13c-0c6e-467b-be8b-a520eea3f2a0,U3-24APR-T3.8,23,2024-04-22T17:25:51.233451Z,41,59,no
764,d89df646-b8ed-45cd-875e-15e2ae4aa413,U3-24APR-T3.8,10,2024-04-22T15:01:10.569534Z,45,55,yes
765,d4ad429a-1896-453f-87eb-e155ee3d37eb,U3-24APR-T3.8,2000,2024-04-22T14:32:57.961652Z,47,53,no
766,d3cb633e-8dff-4448-b6f0-ea1380cfdaab,U3-24APR-T3.8,347,2024-04-22T14:32:57.961652Z,49,51,no
767,d110079e-6779-4ba8-9136-aba6d4bae28c,U3-24APR-T3.8,6,2024-04-22T14:32:57.961652Z,46,54,no
768,cf3f5940-e39f-4d19-9573-bb74dc52d5c1,U3-24APR-T3.8,3,2024-04-22T14:32:57.961652Z,47,53,no
769,c896ef6b-9263-4672-b86a-d320ab00e728,U3-24APR-T3.8,127,2024-04-22T14:32:57.961652Z,50,50,no
770,c4ecfe9d-9223-4468-ab4c-fcfaa440985f,U3-24APR-T3.8,2,2024-04-22T14:32:57.961652Z,46,54,no
771,ad581a35-ac55-4ea4-9c1b-4bb24e4de2c1,U3-24APR-T3.8,10,2024-04-22T14:32:57.961652Z,51,49,no
772,3a664f41-328d-45eb-a870-94efb2f0b8ca,U3-24APR-T3.8,1,2024-04-22T14:32:57.961652Z,46,54,no
773,c501b9e4-8419-4f16-a0fe-30aa428d03fc,U3-24APR-T3.8,9,2024-04-22T12:07:18.63903Z,52,48,yes
774,d33ba330-cb3e-488a-ac5f-002044f82236,U3-24APR-T3.8,38,2024-04-20T22:51:10.604569Z,50,50,no
775,439fda5d-045c-42ae-abff-fa5a28cf64b1,U3-24APR-T3.8,53,2024-04-19T15:01:21.03904Z,49,51,no
776,2f5643d2-7520-4843-9c14-0fbffa4f55a2,U3-24APR-T3.8,3,2024-04-19T15:01:21.03904Z,50,50,no
777,dc17552d-33f0-457c-9d6d-f67e44db0336,U3-24APR-T3.8,7,2024-04-19T12:30:26.46582Z,50,50,no
778,5e843939-b64c-4259-8ca3-067bb453171c,U3-24APR-T3.8,1,2024-04-17T20:51:30.679017Z,53,47,yes
779,c84bbd29-00c5-475e-81c1-314b3742360e,U3-24APR-T3.8,4,2024-04-17T14:55:42.83405Z,53,47,yes
780,f97c8890-7046-438f-b6d2-56a0b0eef2b1,U3-24APR-T3.8,14,2024-04-15T20:59:38.253861Z,51,49,yes
781,4d2c2fc9-30f7-4f5e-96c3-0479724704b6,U3-24APR-T3.8,20,2024-04-13T15:00:01.010209Z,48,52,yes
782,43f20f8a-1915-4646-9617-3f54a8fa4382,U3-24APR-T3.8,80,2024-04-12T12:22:46.038413Z,46,54,no
783,dbdcdfa2-ce0a-4bc6-a085-f86c8e225905,U3-24APR-T3.8,86,2024-04-12T12:22:40.991205Z,48,52,no
784,5d46aa71-ca87-44f5-b944-7301be078042,U3-24APR-T3.8,80,2024-04-12T12:22:38.50537Z,47,53,yes
785,41cb4de6-621f-4c45-8101-a77805b521d5,U3-24APR-T3.8,166,2024-04-12T12:04:43.31279Z,47,53,yes
786,3681ff59-9ecc-405c-8a08-b9e84df12d94,U3-24APR-T3.8,160,2024-04-12T12:00:38.847035Z,46,54,yes
787,020f8a5d-b683-4173-9787-da5a1b3f3199,U3-24APR-T3.8,6,2024-04-12T12:00:38.847035Z,48,52,yes
788,a67d6b5d-0b79-4c2e-9f55-bda84e867306,U3-24APR-T3.8,5,2024-04-11T00:40:40.573593Z,42,58,no
789,fcdad4ba-cccd-4efb-9dab-b945aa5473fb,U3-24APR-T3.8,21,2024-04-10T17:00:08.649164Z,44,56,yes
790,89bf6131-9b4c-4781-a140-d6b7ea85a467,U3-24APR-T3.8,115,2024-04-08T23:00:38.197867Z,41,59,no
791,52cab861-8400-4593-90c6-b80af9f7fc9c,U3-24APR-T3.8,3,2024-04-08T16:04:11.362243Z,43,57,no
792,b0499584-3648-4c90-9581-971fb547eb2e,U3-24APR-T3.8,240,2024-04-08T15:34:12.409193Z,43,57,no
793,e8b49985-8ea4-4e31-bc20-16d5176f69d0,U3-24APR-T3.8,9,2024-04-08T15:34:08.945766Z,43,57,yes
794,cea181d5-eced-4154-b846-6546c983eb3e,U3-24APR-T3.8,2,2024-04-08T15:34:08.945766Z,43,57,yes
795,c3e024a0-45f7-498c-916f-60ad27d5c5d9,U3-24APR-T3.8,800,2024-04-08T15:34:08.945766Z,43,57,yes
796,492b6859-28ad-4399-9154-5ea9c6bee48b,U3-24APR-T3.8,240,2024-04-08T15:34:08.945766Z,39,61,yes
797,bdb53e8d-c8fb-4268-9a53-3a5b05687dc6,U3-24APR-T3.8,14,2024-04-08T03:19:59.508248Z,31,69,no
798,c7c7a7bc-6e66-4178-829d-fde24b101295,U3-24APR-T3.8,49,2024-04-06T15:32:02.34201Z,31,69,no
799,c734f9f9-705d-45b6-99ad-e76173730b7e,U3-24APR-T3.8,1,2024-04-06T00:49:53.427418Z,31,69,no
800,5327ce46-808d-41b6-b80f-f6b2846d6250,U3-24APR-T3.8,1,2024-04-05T18:39:59.60766Z,31,69,no
801,2b3dcb0b-7c57-4ed7-918e-0c70cf545252,U3-24APR-T3.9,10,2024-05-03T12:05:21.719364Z,28,72,yes
802,fd63373a-e817-4d93-a1ea-adae26034b04,U3-24APR-T3.9,400,2024-05-03T12:01:31.907125Z,24,76,no
803,0f52f2bf-b0fc-48c7-9baa-20dde4145b3c,U3-24APR-T3.9,16,2024-05-03T12:01:25.198369Z,24,76,no
804,39a82e63-41b5-4571-9dac-5e2a044e7c58,U3-24APR-T3.9,10,2024-05-03T00:10:44.650974Z,24,76,no
805,d4d90e4f-d6ad-41b6-bc0c-4a1d6dcf486a,U3-24APR-T3.9,150,2024-05-02T21:40:42.016214Z,24,76,no
806,08a73d80-b636-488d-a9b9-c6fda727abef,U3-24APR-T3.9,55,2024-04-30T16:55:07.242047Z,24,76,no
807,eff6a702-20fa-4f1d-aeca-f85699637f09,U3-24APR-T3.9,436,2024-04-30T12:10:18.807935Z,25,75,no
808,4f1f0fcd-1f43-4e19-9495-8008ea63e906,U3-24APR-T3.9,436,2024-04-30T12:10:05.754476Z,25,75,no
809,38aa0d64-c905-4dc1-8acd-bbcb760adc02,U3-24APR-T3.9,100,2024-04-29T20:31:05.847642Z,29,71,yes
810,4d77fd23-ea59-4cce-8aa9-d06f71eecb18,U3-24APR-T3.9,1050,2024-04-29T18:06:29.850766Z,26,74,no
811,86135841-daf0-4514-97e1-c2ac8207e873,U3-24APR-T3.9,400,2024-04-29T18:06:29.790975Z,26,74,no
812,1f522a6f-17ab-404f-8c82-6d0af9969807,U3-24APR-T3.9,990,2024-04-29T13:39:22.492243Z,22,78,yes
813,128ed886-0f98-4097-a01f-4da70a6d0aab,U3-24APR-T3.9,36,2024-04-29T13:39:22.492243Z,26,74,yes
814,34679dac-e4c3-4c67-b741-6bc164b9b50e,U3-24APR-T3.9,1010,2024-04-29T13:38:53.590985Z,22,78,yes
815,204ebfa7-1aec-4cc9-b66b-7c4cb8ecd55b,U3-24APR-T3.9,440,2024-04-29T13:38:53.590985Z,21,79,yes
816,7c8205e3-4356-4a42-9ddc-f036b6a18d83,U3-24APR-T3.9,1450,2024-04-29T13:37:00.060784Z,21,79,yes
817,2e6713cb-09c6-4dc8-b18b-7ed45717add3,U3-24APR-T3.9,100,2024-04-26T15:38:37.089204Z,21,79,yes
818,f4b395b0-8e24-46bf-bb89-7b832e3b0bcb,U3-24APR-T3.9,10,2024-04-22T14:43:25.130435Z,21,79,no
819,9454274f-1f2b-4922-b655-bb0ec9f3c09c,U3-24APR-T3.9,2,2024-04-12T12:22:37.959649Z,23,77,yes
820,596748f7-b1a4-4636-a064-11c0d7772215,U3-24APR-T3.9,239,2024-04-12T12:22:37.959649Z,21,79,yes
821,6e7353ea-0c8a-42da-93f6-a32ddf29f498,U3-24APR-T3.9,241,2024-04-12T12:04:42.9845Z,21,79,yes
822,e013aa94-3b42-4e1d-bbf2-4f0a81ac7fba,U3-24APR-T3.9,81,2024-04-12T12:01:17.150368Z,22,78,yes
823,92c656ec-31ee-4b4a-927e-fc5deb4d7935,U3-24APR-T3.9,160,2024-04-12T12:01:17.150368Z,20,80,yes
824,e390773a-9ff0-4527-8ad0-c0df45541eeb,U3-24APR-T3.9,221,2024-04-11T20:31:37.130365Z,21,79,no
825,5ba0f1bc-e37f-41d1-b918-df3ae50b8227,U3-24APR-T3.9,800,2024-04-11T20:31:37.130365Z,22,78,no
826,3308559d-5746-47f6-9f8e-51dc093f5ecb,U3-24APR-T3.9,160,2024-04-11T20:31:37.130365Z,24,76,no
827,e02882db-0de2-4fe1-9402-54c389481a62,U3-24APR-T3.9,10,2024-04-10T01:49:38.931635Z,24,76,no
828,546cfd50-6172-46d4-a493-99583da49222,U3-24MAY-T3.5,400,2024-06-07T12:09:40.251352Z,99,1,yes
829,5d4ef652-ddb8-4629-96d8-e69760e38fab,U3-24MAY-T3.5,800,2024-06-04T14:41:34.870929Z,99,1,yes
830,54098aa6-d6af-4683-8a74-4a3c0756cec0,U3-24MAY-T3.5,1600,2024-06-04T14:40:32.557009Z,99,1,yes
831,ec36eaf9-5069-4e46-8ef0-8d2e8cec7ddc,U3-24MAY-T3.5,1600,2024-06-04T14:29:58.570446Z,99,1,yes
832,72e4b036-4eff-40a7-a427-e6c847c3d8c0,U3-24MAY-T3.5,900,2024-06-04T13:27:12.445701Z,99,1,yes
833,21df0305-9292-4b6d-8e98-fba5ddc15daa,U3-24MAY-T3.5,1600,2024-06-04T12:15:01.928144Z,99,1,yes
834,11042c6a-ac47-4191-a18b-8487f1f35ee7,U3-24MAY-T3.6,100,2024-06-07T12:18:49.422525Z,96,4,yes
835,77334191-9ab2-4d6a-b610-1959dbe0afa2,U3-24MAY-T3.6,25,2024-06-05T01:49:45.178182Z,96,4,yes
836,f6d4da0c-132d-4278-82d5-7387cc4449c3,U3-24MAY-T3.6,1600,2024-06-04T12:14:58.238445Z,94,6,yes
837,39247afe-5070-4ab4-8255-d13f3b225162,U3-24MAY-T3.6,50,2024-06-04T12:04:31.607582Z,94,6,no
838,407bf4f0-82d1-4fed-9c1c-81b6a56f1c9d,U3-24MAY-T3.6,500,2024-06-03T14:30:51.076808Z,94,6,yes
839,fe5df69c-0011-40ce-aa12-2662ee523cef,U3-24MAY-T3.6,2000,2024-06-01T12:52:22.171973Z,96,4,yes
840,c9fa7051-4200-46e6-9418-d467cf800b16,U3-24MAY-T3.6,500,2024-05-31T21:41:26.291314Z,95,5,yes
841,47654ae0-8b92-46e8-885b-f055f88a8e52,U3-24MAY-T3.6,500,2024-05-31T20:04:46.672157Z,95,5,yes
842,d1a3de60-9287-4eb0-ac1b-25ef8668f867,U3-24MAY-T3.6,500,2024-05-27T19:30:35.767042Z,92,8,yes
843,4c7eb916-07b4-4c38-9071-62a0735d6b0b,U3-24MAY-T3.6,1400,2024-05-27T16:59:39.270442Z,92,8,yes
844,9b2105a8-87bd-4c8f-b98c-cd173f3b8e87,U3-24MAY-T3.6,1000,2024-05-27T15:28:29.527887Z,92,8,yes
845,ab004e7b-bcf0-434b-802b-73e08ff99149,U3-24MAY-T3.6,2250,2024-05-26T12:18:41.873545Z,91,9,yes
846,aad48900-a93a-4827-b045-28c3fbbc38d2,U3-24MAY-T3.6,10,2024-05-24T14:27:37.553959Z,91,9,yes
847,1e93bd87-7d2f-4e25-9e94-7a610daa8c53,U3-24MAY-T3.6,54,2024-05-22T01:38:13.807081Z,91,9,yes
848,b20a9801-65d7-49e7-9583-3bc2cc6618d6,U3-24MAY-T3.6,54,2024-05-17T22:36:32.875172Z,91,9,yes
849,175756bb-ad41-48f4-9cdc-f360119498ac,U3-24MAY-T3.6,15,2024-05-16T22:08:59.196993Z,91,9,yes
850,3ad10425-56f7-461e-8f6c-303a2274de08,U3-24MAY-T3.6,150,2024-05-16T19:34:32.144568Z,91,9,yes
851,9a12ae94-3bfb-43e4-8afe-bd94b346d2ea,U3-24MAY-T3.6,200,2024-05-14T21:33:43.826637Z,91,9,yes
852,48f8ad90-0cac-47b3-b7dd-59abafc2218f,U3-24MAY-T3.6,1500,2024-05-13T16:55:15.749529Z,90,10,yes
853,40d93e6a-380f-46cc-8745-d4294b07ca67,U3-24MAY-T3.6,52,2024-05-06T13:54:52.807198Z,94,6,yes
854,9708e243-539f-41f3-9d54-0581351441ec,U3-24MAY-T3.7,40,2024-06-07T12:18:39.162244Z,81,19,yes
855,ea896e24-cec6-4f80-a3a5-f41bde445470,U3-24MAY-T3.7,100,2024-06-07T12:07:24.440914Z,82,18,yes
856,f16c62c3-7272-4c77-8ce5-48db7e8d106e,U3-24MAY-T3.7,100,2024-06-07T12:07:07.227258Z,82,18,yes
857,285ec49b-9254-4864-a0b5-5b652caf7989,U3-24MAY-T3.7,100,2024-06-07T12:06:38.915344Z,82,18,yes
858,b3c04cb9-aaeb-46c1-a979-69cb2f4afed9,U3-24MAY-T3.7,100,2024-06-07T12:06:32.490636Z,82,18,yes
859,2c83e632-85cd-46e7-9866-1aa0d22de042,U3-24MAY-T3.7,100,2024-06-07T12:03:10.906376Z,80,20,yes
860,acdcba58-5c0c-451d-9c17-5b1e59f43707,U3-24MAY-T3.7,10,2024-06-07T12:02:59.45839Z,79,21,no
861,935ead18-3139-43b5-b0c3-ddd8854af528,U3-24MAY-T3.7,135,2024-06-07T12:02:40.808514Z,82,18,yes
862,013dc99f-6482-4832-9c80-60ad87af2e21,U3-24MAY-T3.7,35,2024-06-07T01:01:52.058491Z,81,19,yes
863,b94d3671-3625-4183-a402-307e272d8e65,U3-24MAY-T3.7,300,2024-06-07T01:01:07.60083Z,81,19,yes
864,122c60ae-b749-4a8e-b88d-2b280b834b33,U3-24MAY-T3.7,10,2024-06-06T23:18:17.616286Z,81,19,no
865,c391c183-cbbc-4284-8570-9200231eeb3a,U3-24MAY-T3.7,1200,2024-06-06T20:08:56.919183Z,83,17,no
866,ec3f2bcf-8538-4466-983f-462258ec617a,U3-24MAY-T3.7,4000,2024-06-06T19:51:21.182666Z,86,14,yes
867,73fc3520-da15-407f-97e7-f64789f0b1ff,U3-24MAY-T3.7,4000,2024-06-06T19:51:21.153843Z,86,14,yes
868,23f17f6a-6e27-4924-a631-1404a9b4c950,U3-24MAY-T3.7,133,2024-06-06T18:07:12.435749Z,86,14,yes
869,1b334164-2b06-4616-ad77-b60121ce9704,U3-24MAY-T3.7,400,2024-06-06T16:24:48.099825Z,85,15,yes
870,0b67d0a9-ce7c-4a19-9bb3-1dfbc101f160,U3-24MAY-T3.7,421,2024-06-06T16:24:48.099825Z,86,14,yes
871,93135515-893b-47e1-8fda-2660b65c05a0,U3-24MAY-T3.7,1000,2024-06-06T12:30:32.347373Z,82,18,yes
872,b635f308-611b-4037-b39b-e28b41f1b2a6,U3-24MAY-T3.7,200,2024-06-06T12:03:06.561101Z,82,18,yes
873,c7b90ce6-fec5-4eaa-bb9b-93e7cb67edd4,U3-24MAY-T3.7,25,2024-06-06T12:01:11.244117Z,82,18,no
874,a683c1e4-224a-4c0f-a37a-ea96e85c15a3,U3-24MAY-T3.7,100,2024-06-06T12:01:11.244117Z,82,18,no
875,dd841dfc-4399-4f18-967f-611aff500caa,U3-24MAY-T3.7,50,2024-06-05T01:13:16.426964Z,83,17,yes
876,93d8105a-c614-4f98-b27b-456109b17726,U3-24MAY-T3.7,25,2024-06-03T15:48:05.117455Z,82,18,yes
877,e62a8c6e-6e5c-481e-8ff4-f33138d62ade,U3-24MAY-T3.7,750,2024-06-03T12:42:37.247983Z,82,18,no
878,6f721ece-ed44-49ed-b8b5-6e6ac23f92c5,U3-24MAY-T3.7,100,2024-06-03T12:42:37.247983Z,82,18,no
879,17534d7b-8b8d-4be6-bce9-f2eff5e5374c,U3-24MAY-T3.7,50,2024-06-03T12:42:37.247983Z,82,18,no
880,4cac8575-91e9-4a20-8186-8e77c40680bc,U3-24MAY-T3.7,750,2024-06-01T12:51:59.18094Z,85,15,yes
881,2d00356f-16bd-4e1c-8bfd-d5fe4d722882,U3-24MAY-T3.7,150,2024-05-31T20:04:35.73153Z,85,15,yes
882,ba5b42d5-c552-4688-893a-87072bf4faab,U3-24MAY-T3.7,600,2024-05-30T18:35:43.562473Z,83,17,yes
883,81344574-4f64-4a17-85e7-d5118a85e9cf,U3-24MAY-T3.7,1,2024-05-30T15:16:03.432165Z,83,17,yes
884,a23546e4-f634-479a-b923-43cad948f374,U3-24MAY-T3.7,3,2024-05-29T14:59:12.83924Z,85,15,yes
885,8eee6e03-e59a-47da-99e5-237705546890,U3-24MAY-T3.7,50,2024-05-27T20:23:03.537839Z,82,18,yes
886,a1e6fc47-c0b3-4671-b127-81ab4e9d35d7,U3-24MAY-T3.7,68,2024-05-27T02:49:54.990304Z,82,18,yes
887,6710ce58-21fa-4554-a153-28cf1bebbe7e,U3-24MAY-T3.7,100,2024-05-26T13:20:58.201853Z,81,19,yes
888,ecd78b45-047b-4ae7-9bf0-4d0485554e51,U3-24MAY-T3.8,200,2024-06-07T12:18:27.571214Z,64,36,yes
889,0641ddac-7e57-48d2-801a-af0e38d3e11e,U3-24MAY-T3.8,45,2024-06-06T22:28:54.225375Z,64,36,yes
890,a9dc4c9a-bede-43d4-85a9-c6d31bd07ce5,U3-24MAY-T3.8,120,2024-06-06T12:07:35.615755Z,60,40,yes
891,60788df4-b5a4-4467-a1b9-870ff9ec251f,U3-24MAY-T3.8,100,2024-06-06T12:02:54.148723Z,60,40,yes
892,f5d50ab5-c9fb-4a43-8abc-2fa86ed98f93,U3-24MAY-T3.8,200,2024-06-06T12:01:11.212107Z,60,40,no
893,617e7bae-8d4f-432a-bebf-7503407c3ccd,U3-24MAY-T3.8,225,2024-06-06T12:01:11.212107Z,61,39,no
894,00ed2464-f542-4527-ad64-f08ad0c5a077,U3-24MAY-T3.8,46,2024-06-06T01:45:26.180275Z,63,37,yes
895,7a4056da-4d89-49c4-829b-d02df24bf6af,U3-24MAY-T3.8,405,2024-06-05T16:31:41.335712Z,63,37,yes
896,9351d120-684b-478d-8c74-4d107979cb3e,U3-24MAY-T3.8,20,2024-06-05T12:43:04.208319Z,63,37,yes
897,b393e199-f69e-4438-908b-da77d998176f,U3-24MAY-T3.8,100,2024-06-04T12:04:31.61059Z,62,38,no
898,677e134b-32ea-430a-bcdb-6e6726481388,U3-24MAY-T3.8,100,2024-06-04T12:04:31.61059Z,63,37,no
899,3c1694af-1f12-474b-a68d-beaa8502b709,U3-24MAY-T3.8,3,2024-06-04T01:36:09.129938Z,64,36,yes
900,854d0ad0-98b4-451a-a21b-69596347c52d,U3-24MAY-T3.8,400,2024-06-03T21:51:07.488542Z,63,37,yes
901,fb9e9d93-ee14-474c-b109-8d94525aa286,U3-24MAY-T3.8,55,2024-06-03T21:37:12.97217Z,61,39,yes
902,19abd83a-2c92-48fd-9563-ea687119a4d5,U3-24MAY-T3.8,20,2024-06-03T12:42:37.246563Z,62,38,no
903,4f47f891-2d91-459a-99ad-f2e808f1d48b,U3-24MAY-T3.8,25,2024-06-02T01:25:45.515368Z,61,39,yes
904,fdd06e64-bdd6-48d6-9545-b87020dab5cd,U3-24MAY-T3.8,10,2024-05-30T22:40:22.57573Z,58,42,no
905,d5269277-b1e2-4961-82f0-666c01b674b7,U3-24MAY-T3.8,104,2024-05-30T22:40:22.57573Z,57,43,no
906,a94fe845-f2ab-44bc-880b-5684e9852171,U3-24MAY-T3.8,40,2024-05-30T22:40:22.57573Z,62,38,no
907,a6bc4599-b93c-4de7-9dcb-3f88cbe5efa0,U3-24MAY-T3.8,2,2024-05-30T22:40:22.57573Z,58,42,no
908,89c198c2-4592-4d40-b4b9-67340ecaccb4,U3-24MAY-T3.8,1,2024-05-30T22:40:22.57573Z,58,42,no
909,8eb2a011-00ae-459d-891a-b72e03f724d0,U3-24MAY-T3.8,157,2024-05-29T18:15:18.085202Z,62,38,yes
910,8d47cff7-be63-4484-9f83-81860a89a2cb,U3-24MAY-T3.8,15,2024-05-28T15:56:37.855809Z,61,39,yes
911,7b4bd929-af6b-4748-9ada-1f7024d3a542,U3-24MAY-T3.8,500,2024-05-28T12:55:47.81549Z,56,44,no
912,09f34599-0ce7-4ac3-99c9-d086123fac7f,U3-24MAY-T3.8,2,2024-05-22T03:55:55.247401Z,55,45,no
913,6e9c2a2b-4c02-48a2-8b05-97998ec2271e,U3-24MAY-T3.8,250,2024-05-17T12:07:27.207064Z,59,41,yes
914,230d03f1-32a6-477a-9afd-e5bbb158e71f,U3-24MAY-T3.8,10,2024-05-17T12:07:27.207064Z,58,42,yes
915,f9165d39-8c3f-4429-a395-0a1e52315d5e,U3-24MAY-T3.8,25,2024-05-16T22:16:18.130117Z,55,45,no
916,cc95373c-d58c-4b04-9123-9b8386ac92d4,U3-24MAY-T3.8,25,2024-05-16T22:12:38.900223Z,55,45,no
917,f48e34c4-7146-4c1d-8e33-4881ca1d2122,U3-24MAY-T3.8,10,2024-05-16T14:33:22.273065Z,58,42,yes
918,9be92660-961a-452a-8aa9-699d74b958ca,U3-24MAY-T3.8,490,2024-05-16T14:33:22.273065Z,59,41,yes
919,d12fb5fd-6d22-4aca-9870-c90f8b455b56,U3-24MAY-T3.8,49,2024-05-16T13:08:38.712503Z,57,43,no
920,38f0e879-786e-403e-86f2-99d89a166056,U3-24MAY-T3.8,164,2024-05-14T21:54:26.059481Z,59,41,yes
921,a060bebd-827c-45b2-89f8-76d1cd26eae6,U3-24MAY-T3.8,49,2024-05-14T20:48:31.240732Z,59,41,yes
922,d022b642-c553-472e-855f-3a237bab327c,U3-24MAY-T3.8,100,2024-05-10T16:56:04.822892Z,58,42,yes
923,d03ea8a7-913c-4695-ab82-42efef0b8698,U3-24MAY-T3.8,272,2024-05-08T22:02:11.774615Z,58,42,yes
924,ff1ff122-4916-4b15-86b1-46088eeeda0b,U3-24MAY-T3.8,8,2024-05-03T12:35:00.270045Z,60,40,yes
925,360f7cc9-2847-4271-9f8e-dc63bf99c5cb,U3-24MAY-T3.9,25,2024-06-07T12:19:26.182136Z,41,59,yes
926,581ed818-1b38-4ed4-8843-5723a109d99c,U3-24MAY-T3.9,175,2024-06-07T12:09:04.040858Z,41,59,yes
927,b17b0f5b-2bad-458a-8d12-7d374a38a809,U3-24MAY-T3.9,35,2024-06-07T00:56:21.359476Z,40,60,yes
928,8a92dca1-8bc0-413e-9bec-d26e78180715,U3-24MAY-T3.9,23,2024-06-06T22:29:41.86574Z,40,60,yes
929,ed166a72-65b9-4877-87dc-bd309e6d5aef,U3-24MAY-T3.9,800,2024-06-06T19:58:54.279693Z,35,65,no
930,62347982-12f3-49b9-bf3c-443ae4948eed,U3-24MAY-T3.9,1600,2024-06-06T19:51:21.314049Z,35,65,no
931,2d4d3a78-01c7-4279-913d-f487b9b733ea,U3-24MAY-T3.9,30,2024-06-06T19:10:10.169702Z,35,65,no
932,8cd2850f-89b9-4d76-bcb1-ac6b2f4e59ca,U3-24MAY-T3.9,258,2024-06-06T19:05:09.715207Z,37,63,yes
933,0bd10949-a921-4c79-96d7-6b7653597729,U3-24MAY-T3.9,10,2024-06-05T21:25:46.470263Z,34,66,no
934,09a7c3fa-ed22-45a1-9966-3356df9db2d8,U3-24MAY-T3.9,88,2024-06-05T21:09:41.522216Z,38,62,yes
935,a04c8afa-6893-4a28-b891-82b8dbe10347,U3-24MAY-T3.9,4,2024-06-05T20:17:19.690982Z,34,66,no
936,efbec21b-8d02-40d5-83e5-c7558877ccdc,U3-24MAY-T3.9,400,2024-06-05T19:55:55.067802Z,37,63,yes
937,071f8b95-15b6-41f5-b6ca-15d5bae140de,U3-24MAY-T3.9,240,2024-06-05T19:55:55.067802Z,38,62,yes
938,f48b1536-2ce8-45d6-9f58-32e11b8b20aa,U3-24MAY-T3.9,23,2024-06-05T18:27:48.328512Z,32,68,no
939,8273b022-2fe1-4581-b688-ca7f480de1eb,U3-24MAY-T3.9,396,2024-06-05T18:27:48.328512Z,34,66,no
940,b7164fa0-05a2-4ce6-822d-7769efc16ccd,U3-24MAY-T3.9,4,2024-06-05T17:51:16.069924Z,34,66,no
941,b6e5f161-4d44-4bcc-b73f-f5f661de1f32,U3-24MAY-T3.9,2,2024-06-05T16:42:01.880554Z,37,63,yes
942,3be836ca-b05c-470f-80b8-a8bad763bb5b,U3-24MAY-T3.9,14,2024-06-05T16:18:48.132855Z,34,66,no
943,19b91487-118b-4062-9f61-87669a789c7e,U3-24MAY-T3.9,1,2024-06-05T16:12:45.123141Z,34,66,no
944,bc49a993-09c5-4f5c-9f0d-9a97d540b66f,U3-24MAY-T3.9,1,2024-06-05T12:43:22.723358Z,37,63,yes
945,938e5173-54ef-4f33-b143-9ae4cd3598cb,U3-24MAY-T3.9,1,2024-06-05T12:40:56.423222Z,37,63,yes
946,537d150a-a58f-4f6e-9bd5-425d8aa9bb8e,U3-24MAY-T3.9,50,2024-06-05T00:53:14.615996Z,38,62,yes
947,31c09c56-10f2-4c77-a27c-0dfed95a4396,U3-24MAY-T3.9,36,2024-06-04T21:25:53.509804Z,34,66,no
948,32ee155f-c359-4281-909b-d1510143f9b1,U3-24MAY-T3.9,36,2024-06-04T21:25:53.480154Z,34,66,no
949,5bff1fe5-397a-4446-89bb-9916bce65559,U3-24MAY-T3.9,419,2024-06-04T19:47:55.885806Z,37,63,yes
950,7afc7cd5-cc17-4e16-8c5f-c3078f75d2e3,U3-24MAY-T3.9,446,2024-06-04T18:13:59.031956Z,34,66,no
951,901f32de-00c0-4d64-9462-1c45899fd1f2,U3-24MAY-T3.9,50,2024-06-03T22:22:01.485974Z,38,62,yes
952,4a202619-26e7-48ce-948a-a907ef05219a,U3-24MAY-T3.9,10,2024-06-02T18:39:20.773409Z,38,62,yes
953,c35f29b9-2f8f-4379-bfa4-f6526cc3d33b,U3-24MAY-T3.9,446,2024-06-02T16:56:59.969874Z,38,62,yes
954,7ff1788f-9fea-4c68-a111-cca0cfa11937,U3-24MAY-T3.9,5,2024-06-01T16:14:45.180163Z,38,62,yes
955,0a7c2179-571e-4acd-8f22-808ff68ec7db,U3-24MAY-T3.9,25,2024-05-31T22:33:43.995838Z,38,62,yes
956,f32be88d-00f3-49e9-9b80-9ee55bd103a4,U3-24MAY-T3.9,5,2024-05-31T19:57:04.408686Z,33,67,no
957,bf1722d8-47f7-4328-8a39-629d33042aeb,U3-24MAY-T3.9,145,2024-05-30T22:41:40.844477Z,33,67,no
958,47c0f1fd-ce6a-4f44-ae41-25316b63461d,U3-24MAY-T3.9,25,2024-05-30T17:28:22.836986Z,38,62,yes
959,be1e76fc-0030-4a1b-b6af-819e4d7e06a1,U3-24MAY-T3.9,25,2024-05-28T14:26:05.36817Z,37,63,yes
960,21ce705c-051e-4502-a720-40595e942eef,U3-24MAY-T3.9,1200,2024-05-28T13:40:12.849011Z,36,64,yes
961,c1579df1-5031-4f8f-91a9-01a8f20e1534,U3-24MAY-T3.9,119,2024-05-28T03:31:53.669989Z,36,64,yes
962,30514e71-5843-45ab-81e2-76c3c3288dd1,U3-24MAY-T3.9,132,2024-05-28T00:50:19.303584Z,36,64,yes
963,40f71da6-e1fc-4285-a700-808587bb3c73,U3-24MAY-T3.9,5,2024-05-20T23:53:06.636673Z,35,65,yes
964,889f2abe-01ef-4800-8704-c89f96cf0ecd,U3-24MAY-T3.9,27,2024-05-20T22:12:09.005497Z,35,65,yes
965,6ea17d7f-01fa-4878-a53e-f3ad5feb8dbb,U3-24MAY-T3.9,27,2024-05-20T16:39:52.278196Z,35,65,yes
966,92518ca0-d4ec-4181-8471-83d8fb796d1e,U3-24MAY-T3.9,5,2024-05-19T21:30:59.670803Z,35,65,yes
967,a96045c5-06d7-487e-989f-ab8e2872c55a,U3-24MAY-T3.9,17,2024-05-19T19:06:40.340851Z,31,69,no
968,e7210859-e94a-4745-9efa-62a040667054,U3-24MAY-T3.9,1,2024-05-17T22:18:08.723314Z,35,65,yes
969,112a7577-eef1-450f-8806-b5af9d74ea17,U3-24MAY-T3.9,26,2024-05-17T18:25:01.103472Z,35,65,yes
970,56555a62-91ac-40e9-8198-a14cac70a9a1,U3-24MAY-T3.9,2,2024-05-17T16:36:12.043118Z,35,65,yes
971,a7a03b40-b043-4642-a3db-c925f2fbb09b,U3-24MAY-T3.9,27,2024-05-17T16:01:51.332314Z,35,65,yes
972,40eab86e-6610-43d9-b146-00441b74d956,U3-24MAY-T3.9,5,2024-05-16T15:09:29.992459Z,35,65,yes
973,576401d5-b309-4a48-9477-985361da56c0,U3-24MAY-T3.9,13,2024-05-16T14:02:59.620473Z,35,65,yes
974,651185b4-55a3-42b6-ac29-32bf23843624,U3-24MAY-T3.9,10,2024-05-15T12:06:38.108019Z,34,66,yes
975,6d6c77ba-ad6e-41ec-9c9b-d922111ea663,U3-24MAY-T3.9,27,2024-05-15T02:14:57.738421Z,31,69,no
976,6016648c-0d05-440f-ac14-37c422181180,U3-24MAY-T3.9,121,2024-05-13T20:08:37.419847Z,34,66,no
977,5b98fada-9972-4233-86de-6eef3c71528f,U3-24MAY-T3.9,4,2024-05-12T21:29:59.165334Z,35,65,yes
978,fc387411-8c87-4df1-b660-9caa0c6949db,U3-24MAY-T3.9,1,2024-05-11T20:52:47.205551Z,30,70,no
979,1a3023bb-1450-41dd-bad4-ce8cfab67fb4,U3-24MAY-T3.9,8,2024-05-10T20:57:57.31909Z,34,66,no
980,a75d2b85-7295-4a4e-a6de-c23666b2ae27,U3-24MAY-T3.9,73,2024-05-09T19:03:32.379787Z,34,66,no
981,ad74ffa1-e2e1-42f1-9a46-7380ff865ec0,U3-24MAY-T3.9,27,2024-05-09T12:27:39.529221Z,35,65,yes
982,57b385da-6992-4a56-90e0-4432236a719f,U3-24MAY-T3.9,1,2024-05-08T22:49:36.441187Z,30,70,no
983,d05a39f4-fd57-4cfc-a5fc-1330778ae95f,U3-24MAY-T3.9,300,2024-05-07T20:01:54.986279Z,34,66,no
984,1cb18d69-29e8-4c01-a804-a0f1bded9d31,U3-24MAY-T3.9,200,2024-05-07T19:43:56.84019Z,39,61,yes
985,75974c69-ddc1-4d49-ba21-7c26803e244a,U3-24MAY-T3.9,25,2024-05-06T12:27:07.845521Z,35,65,yes
986,b4ac7660-89b0-4a5b-8510-7f32c410100c,U3-24MAY-T3.9,300,2024-05-06T12:26:59.731874Z,36,64,no
987,f7803d3f-041e-4fc3-ad25-baf9a597d199,U3-24MAY-T3.9,190,2024-05-06T12:25:23.226232Z,35,65,no
988,5710caf3-5eff-4262-abc2-7ea2c63a17b0,U3-24MAY-T3.9,200,2024-05-06T12:25:23.226232Z,37,63,no
989,2ec5c462-0c2d-47ae-9148-af5983ad8327,U3-24MAY-T3.9,10,2024-05-06T12:25:23.226232Z,38,62,no
990,a43d7718-3ada-4c08-bff6-bb2974629b3f,U3-24MAY-T3.9,8,2024-05-04T12:26:25.654297Z,44,56,yes
991,c6df9915-2d33-4ef7-9428-a985285ce320,U3-24MAY-T3.9,21,2024-05-03T13:20:44.029206Z,44,56,yes
992,788902e3-226f-45cb-a381-2cbdfbe98e15,U3-24JUN-T3.3,10,2024-07-04T12:47:37.128028Z,99,1,yes
993,c03c8504-d5ed-4afe-807c-2f1066ee3400,U3-24JUN-T3.3,8,2024-07-04T03:05:32.248012Z,99,1,yes
994,cbd1d0e7-008d-4dc9-b317-aadac168e4c3,U3-24JUN-T3.3,1,2024-07-04T03:03:08.280856Z,99,1,no
995,8d6cbf12-3565-4d09-b75a-ce15fe0aa4f6,U3-24JUN-T3.3,9,2024-07-04T03:02:51.919673Z,99,1,no
996,49132ea0-f73a-4d74-908c-434e4c8a0968,U3-24JUN-T3.4,10,2024-07-04T13:25:52.497854Z,99,1,yes
997,d88c9c03-5d7d-407e-b7cd-234f6a07269e,U3-24JUN-T3.4,1,2024-07-04T03:05:58.507802Z,99,1,yes
998,217f55e2-827e-4927-b9fb-b7f3ba46aa68,U3-24JUN-T3.4,10,2024-07-04T03:05:58.507802Z,99,1,yes
999,cd03739b-b716-4f62-a184-d025b7368376,U3-24JUN-T3.5,1,2024-07-04T13:26:03.472142Z,99,1,yes
1000,7c16a92d-5403-4a65-9276-57849153ba88,U3-24JUN-T3.5,10,2024-07-04T13:26:03.472142Z,99,1,yes
1001,71e87810-90d4-4ee2-813e-64124d7f6599,U3-24JUN-T3.6,10,2024-07-04T13:26:13.538523Z,99,1,yes
1002,05b32375-25f0-4e25-ab95-c4d980ad9ca7,U3-24JUN-T3.6,1,2024-07-04T13:26:13.538523Z,99,1,yes
1003,1bb9b377-6fc8-430d-9841-43734ad1db3e,U3-24JUN-T3.7,73,2024-07-04T18:53:54.483241Z,98,2,yes
1004,8df767d1-0a14-4dd8-8394-eb5c0bd39622,U3-24JUN-T3.7,2,2024-07-04T15:56:06.845855Z,98,2,yes
1005,ae3d6a72-cf21-4a46-a42b-d49b2934da81,U3-24JUN-T3.7,200,2024-07-03T13:27:21.934046Z,96,4,yes
1006,a6d637dd-057a-4eb2-9441-410053b02a94,U3-24JUN-T3.7,25,2024-07-03T12:32:29.85585Z,96,4,yes
1007,da73c65e-10d9-4e9c-aa3f-f69e678e4fd5,U3-24JUN-T3.7,25,2024-07-03T03:13:50.457795Z,98,2,yes
1008,ef936143-f1cb-4c56-a7d7-f4aa5a5b763c,U3-24JUN-T3.7,49,2024-06-16T18:24:33.962453Z,97,3,yes
1009,019b060e-c2fe-45cc-83ec-45a99771d3b9,U3-24JUN-T3.7,51,2024-06-13T20:37:09.574294Z,97,3,yes
1010,be591d31-482a-4ff6-abe0-388425026c4c,U3-24JUN-T3.7,76,2024-06-07T17:28:04.418481Z,98,2,yes
1011,70ca7e66-73cd-4a8e-af47-94e0dd1bc4ec,U3-24JUN-T3.8,100,2024-07-03T21:45:01.616571Z,89,11,yes
1012,7baf9bc1-ccfc-4104-b95c-c7008ba77a67,U3-24JUN-T3.8,25,2024-07-03T20:53:01.900608Z,88,12,yes
1013,2a44863a-ebb9-4016-8075-098f706332a0,U3-24JUN-T3.8,8,2024-07-03T19:14:24.668868Z,88,12,yes
1014,d82b77e5-3f16-4890-b1aa-87b8f0cb3947,U3-24JUN-T3.8,1126,2024-07-03T17:48:48.16717Z,88,12,yes
1015,1b757d19-5e05-4fd3-866d-3bc3eaa2444b,U3-24JUN-T3.8,70,2024-07-03T17:12:53.742346Z,88,12,yes
1016,d6b7a5fe-849c-4d78-ae43-439ad7ee080e,U3-24JUN-T3.8,37,2024-07-03T17:08:50.411442Z,88,12,yes
1017,61232c75-27be-4708-a944-9c683b484425,U3-24JUN-T3.8,48,2024-07-03T17:06:06.028942Z,88,12,yes
1018,e3bc1d11-8b4e-4b7b-8b80-8d4bb15874a4,U3-24JUN-T3.8,4,2024-07-03T16:44:35.501866Z,84,16,yes
1019,3b90d37e-3dd0-4c46-95ea-bed3902ef411,U3-24JUN-T3.8,63,2024-07-03T16:44:15.789561Z,84,16,yes
1020,79b0ec95-e3f9-48df-a999-c9f421b2b8a0,U3-24JUN-T3.8,87,2024-07-03T16:17:33.083962Z,84,16,yes
1021,92e95678-f2e5-4ec4-af7d-72e70c8e0988,U3-24JUN-T3.8,7,2024-07-03T14:39:35.343033Z,84,16,yes
1022,c9cdd2af-6fa6-448b-8b73-a1336fa43919,U3-24JUN-T3.8,170,2024-07-03T00:51:58.705644Z,80,20,no
1023,baab2398-f145-450d-b39b-f7470da6257b,U3-24JUN-T3.8,30,2024-07-03T00:51:58.705644Z,83,17,no
1024,2d43677f-3af5-4b3d-991c-73bb91a585a1,U3-24JUN-T3.8,200,2024-07-03T00:51:58.705644Z,82,18,no
1025,7f3f9cb5-2ac2-43e5-8e00-c0f7a7d2fbad,U3-24JUN-T3.8,142,2024-07-02T02:33:09.641778Z,87,13,yes
1026,71663da8-b02c-434b-a55a-8813dca17584,U3-24JUN-T3.8,46,2024-06-28T18:17:44.577017Z,86,14,yes
1027,3a9cef07-5f86-4465-b004-44d32d4a3c63,U3-24JUN-T3.8,45,2024-06-26T23:43:31.787838Z,88,12,yes
1028,c7a941fb-2327-416a-b7c2-f73c7406908d,U3-24JUN-T3.8,8,2024-06-20T18:00:12.177655Z,87,13,yes
1029,05dc8881-ed41-4410-b187-9fa76cead4f9,U3-24JUN-T3.8,99,2024-06-17T13:16:47.979035Z,85,15,yes
1030,53b042bc-f2ba-4461-8f21-499ef450d7cc,U3-24JUN-T3.8,1,2024-06-14T21:11:13.393828Z,85,15,yes
1031,c7a473b6-042d-4639-9a50-cc7a3ba1a63b,U3-24JUN-T3.8,150,2024-06-11T13:36:12.802521Z,83,17,no
1032,27835af2-7990-4f5c-8243-8b13cfcad85b,U3-24JUN-T3.8,400,2024-06-07T14:30:09.34387Z,84,16,yes
1033,87876c37-9086-49aa-895a-12aee6cd6a9a,U3-24JUN-T3.9,441,2024-07-05T12:23:32.678697Z,72,28,yes
1034,25575a19-c180-4ad1-86ef-018ad4b22e49,U3-24JUN-T3.9,2,2024-07-03T22:33:38.489283Z,65,35,yes
1035,9c553628-71f0-418b-bd3a-9e8ff8150a23,U3-24JUN-T3.9,7,2024-07-03T14:37:21.387953Z,60,40,no
1036,d529ebac-5ec8-4df7-ad61-ac6487c620c7,U3-24JUN-T3.9,90,2024-07-03T12:04:38.152755Z,61,39,no
1037,839914fe-a15b-4462-9a06-6a83abff36e3,U3-24JUN-T3.9,150,2024-07-03T00:48:11.956889Z,61,39,no
1038,35725e49-51d5-42fc-a6d4-31aac17cc1ae,U3-24JUN-T3.9,7,2024-07-02T19:56:15.979164Z,67,33,yes
1039,96d34eae-0618-4f61-b8bc-6e1b69c90854,U3-24JUN-T3.9,7,2024-07-01T23:12:27.361318Z,67,33,yes
1040,0ad92f35-c25d-4132-ac6c-e3da1c9ddd23,U3-24JUN-T3.9,10,2024-07-01T22:34:49.704382Z,61,39,no
1041,d419b70b-3af5-4d3a-82f1-c04326709c80,U3-24JUN-T3.9,61,2024-06-28T18:18:01.986719Z,63,37,yes
1042,009954db-d61a-4c52-8076-2249a1cc15a6,U3-24JUN-T3.9,58,2024-06-23T16:54:37.975973Z,67,33,yes
1043,535e26bd-6872-4a83-8195-754082a19753,U3-24JUN-T3.9,29,2024-06-16T01:48:04.032917Z,67,33,yes
1044,c4937c84-3aa8-4787-9b12-e5e74ca39b1a,U3-24JUN-T3.9,4,2024-06-13T15:27:39.464211Z,59,41,no
1045,77b43a79-4cc8-4ef1-bd66-185d21aa6c49,U3-24JUN-T3.9,14,2024-06-12T21:38:51.964997Z,67,33,yes
1046,5f581193-e520-48ec-8a4e-d254546e9779,U3-24JUN-T3.9,15,2024-06-11T16:50:32.248442Z,65,35,yes
